3154 5024
299 1187 502 1246 Monumenta
523 1190 565 1245 ad
587 1187 690 1246 Persei
713 1187 846 1247 fabulam
867 1189 1050 1264 pertinentia
1064 1187 1341 1264 primusquantum

201 1288 264 1347 scio
299 1288 418 1366 collegit
451 1288 485 1348 C.
514 1288 551 1349 Ο.
574 1286 710 1365 Mueller,
750 1289 926 1348 Handbuch
960 1291 1016 1347 der
1038 1288 1257 1362 Archaeologie
1289 1289 1344 1346 der

200 1389 309 1457 Kunst‚
330 1389 381 1464 qui
403 1390 443 1446 de
465 1389 575 1447 Danae
596 1389 660 1464 egit
685 1385 702 1465 ξ
724 1391 795 1458 351,
819 1393 847 1460 4,
870 1391 910 1449 de
932 1391 1044 1448 Perseo
1066 1385 1083 1465 ἓ
1103 1392 1173 1459 414,
1195 1391 1224 1448 3.
1268 1386 1343 1446 Post

199 1490 281 1548 hunc
303 1497 421 1548 vastum
445 1500 477 1548 et
495 1491 729 1567 incompositum
744 1500 1013 1550 monumentorum
1030 1507 1171 1549 acervum
1187 1490 1343 1564 congessit

199 1591 287 1651 Birch
319 1592 351 1650 in
380 1593 534 1651 annalium
561 1593 748 1669 anglicorum
778 1595 830 1670 qui
862 1593 1065 1652 inscribuntur
1085 1585 1340 1666 ‘Archaeologia'

199 1694 255 1754 vol.
282 1694 320 1753 86
345 1713 375 1770 p.
398 1694 438 1754 53
453 1711 492 1752 ss.
536 1691 586 1751 De
617 1695 695 1752 vasis
725 1696 756 1752 in
788 1695 896 1771 quibus
928 1693 1053 1753 Perseus
1077 1693 1228 1752 Medusae
1250 1692 1341 1751 inter·

199 1795 296 1854 lector
316 1796 415 1871 pictus
437 1803 484 1853 est
505 1795 595 1854 solita
617 1795 773 1875 diligentia
792 1795 829 1856 O.
844 1795 923 1874 Jahn
938 1796 1000 1872 egit
1013 1796 1045 1852 in
1067 1793 1215 1868 Philologi
1230 1794 1340 1854 33127

198 1891 239 1969 (a.
264 1889 360 1970 1868)
382 1913 413 1970 p.
437 1899 511 1955 lss.
554 1897 785 1955 Andromedam
815 1897 974 1956 liberatam
1000 1912 1138 1954 seorsum
1173 1902 1342 1952 tractarunt

202 1995 236 2056 C.
260 1997 294 2054 F.
317 1996 476 2056 Hermann
493 1985 640 2056 ‘Perseus
672 2000 737 2055 und
758 1993 972 2057 Andromeda’
1005 1996 1174 2070 Gottingae
1195 2013 1222 2054 a.
1247 1997 1339 2065 1851,

202 2097 469 2157 Raoul-Rochette
492 2100 594 2176 operis
624 2099 785 2175 magnifice
808 2077 908 2156 ornati
930 2099 1015 2174 quod
1034 2097 1206 2156 inscribitur
1225 2085 1341 2154 ‘Choix

201 2199 241 2255 de
253 2198 408 2274 peintures
421 2201 461 2256 de
475 2194 610 2276 Pompei’
624 2200 769 2259 fasciculo
784 2209 921 2259 extremo
934 2218 962 2256 a.
977 2203 1057 2260 1857
1074 2199 1158 2257 edito
1175 2216 1204 2274 p.
1218 2199 1276 2258 301
1291 2215 1340 2268 ss,

197 2298 222 2356 F
229 2300 311 2358 edde
334 2300 550 2359 dissertatione
573 2302 613 2358 de
637 2300 750 2359 Perseo
773 2311 805 2358 et
828 2301 1029 2359 Andromeda
1051 2299 1184 2358 Berolini
1207 2318 1235 2358 a.
1260 2299 1340 2359 1860

202 2399 285 2459 edita
306 2419 335 2476 p.
361 2403 398 2461 39
415 2418 455 2460 ss.
499 2401 583 2460 Vasa
605 2403 688 2478 picta
710 2404 751 2462 ad
774 2403 1006 2461 Andromedam
1028 2401 1211 2478 pertinentia
1236 2401 1339 2458 denuo

202 2501 325 2578 collegit
346 2503 383 2562 A.
397 2501 652 2578 Trendelenburg
665 2505 742 2564 Anu.
769 2500 839 2563 dell’
862 2503 933 2562 Inst.
960 2504 1039 2563 1872
1062 2521 1091 2579 p.
1116 2502 1174 2561 108
1192 2519 1240 2570 ss,
1265 2518 1339 2558 ana·

200 2602 313 2679 glypha
342 2602 443 2663 fictilia
470 2603 675 2679 Heydemann
700 2606 725 2666 7.
757 2605 836 2665 Hall.
860 2603 1205 2679 Winclrelmannsprogr.
1230 2596 1339 2680 (1882)

200 2722 229 2779 p.
247 2705 265 2763 9
281 2721 320 2763 33.
364 2701 413 2760 De
435 2703 561 2763 Danaes
590 2705 756 2770 simulacris
777 2705 939 2765 Overbeck
969 2704 1032 2779 egit
1051 2703 1337 2779 Kunstmythologie

197 2806 254 2863 des
268 2805 346 2864 Zeus
361 2807 438 2865 1871
461 2824 490 2881 p.
503 2807 563 2866 406
581 2823 631 2875 ss.‚
655 2808 740 2865 cuius
759 2807 971 2865 collectionem
986 2805 1088 2881 paullo
1102 2805 1186 2863 auxit
1200 2803 1337 2862 Schwarz

197 2908 415 2966 dissertatione
436 2909 476 2966 de
498 2907 601 2966 fabula
623 2908 762 2968 Danaeia
785 2909 897 2984 scripta
919 2907 1005 2966 Halis
1030 2907 1119 2967 1881.

295 3008 357 3083 Qui
379 3009 431 3066 viri
454 3010 538 3067 docti
560 3028 745 3086 quamquam
768 3011 882 3087 optime
903 3025 1104 3085 quaecunque
1134 3008 1268 3065 invenire
1284 3025 1338 3083 po·

196 3119 320 3168 tuerunt
341 3120 540 3169 monumenta
568 3111 765 3186 collegerunt,
795 3121 899 3169 tamen
927 3112 1091 3186 pleraeque
1122 3109 1337 3167 collectionum

197 3213 310 3270 illarum
335 3211 428 3269 hodie
457 3213 619 3286 augendae
649 3223 729 3280 sunt,
762 3232 830 3271 cum
864 3212 1072 3287 unusquisque
1105 3227 1203 3268 annus
1243 3227 1339 3268 novas

196 3311 383 3388 antiquitatis
407 3315 549 3390 reliquias
571 3315 731 3389 producat.
774 3315 934 3373 Praeterea
957 3315 1046 3372 deest
1067 3313 1202 3370 omnium
1224 3328 1333 3371 monu-

197 3422 366 3472 mentorum
392 3415 540 3490 equibus
572 3417 730 3490 quomodo
758 3415 859 3474 Persei
892 3416 1024 3474 fabulam
1056 3413 1186 3473 artifices
1219 3424 1336 3472 veteres
1398 3450 1403 3458 -

197 3515 393 3572 tractaverint
422 3531 607 3592 cognoscere
636 3518 735 3591 possis
767 3515 916 3576 collectio.
961 3515 1069 3576 Talem
1102 3532 1228 3602 operam
1259 3515 1337 3600 subii

197 3616 283 3674 nixus
305 3615 434 3674 virorum
455 3616 570 3674 illorum
594 3613 753 3675 doctorum
776 3617 924 3692 operibus.

296 3715 358 3774 Sed
382 3734 450 3775 cum
478 3717 594 3776 maiore
624 3719 776 3776 volumine
805 3736 884 3794 opus
909 3729 993 3777 esset
1021 3719 1062 3776 ad
1098 3717 1200 3776 omnia
1229 3736 1336 3776 monu-

197 3825 302 3876 menta
326 3828 469 3876 accurate
493 3819 694 3884 describenda
715 3838 753 3878 ac
775 3821 945 3896 tractanda,
971 3820 1045 3880 satis
1067 3819 1170 3888 habui,
1199 3820 1275 3898 quid
1307 3820 1338 3877 in

197 3936 320 3995 quoque
342 3929 541 3978 monumento
564 3922 765 3996 spectandum
778 3931 868 3997 esset,
891 3923 997 4002 paucis
1020 3921 1119 3980 verbis
1138 3923 1338 3998 adumbrare3

197 4028 332 4078 ceterum
355 4022 397 4078 ad
413 4021 565 4080 editiones
580 4033 612 4080 et
629 4023 854 4100 descriptiones
870 4023 1000 4099 optimas
1017 4023 1156 4097 relegavi.
1193 4023 1228 4081 In
1243 4023 1338 4083 altera

196 4121 334 4198 opusculi
356 4117 508 4197 parte'de
531 4140 636 4183 eorum
657 4133 922 4182 monumentorum
944 4142 1023 4198 quae
1054 4124 1176 4182 maioris
1193 4125 1340 4182 momenti

197 4223 371 4281 viderentur
396 4241 466 4282 esse
488 4225 674 4300 temporibus
698 4225 949 4283 arte‘artificibus
973 4225 1030 4301 e'gi.

297 4322 443 4399 Disposui
472 4335 669 4383 monumenta
704 4327 874 4384 secundum
910 4326 1030 4385 fabulae
1061 4345 1180 4386 cursum
1217 4327 1337 4404 qualem

201 4425 424 4484 constituerunt
457 4425 670 4501 mythographi
697 4428 829 4502 antiqui;
865 4445 957 4486 unum
986 4429 1109 4500 mutavi,
1144 4429 1227 4502 quod
1251 4427 1339 4504 Poly·
