3154 5024
790 397 823 452 26

232 575 413 649 Polydectes
429 595 446 634 a
464 575 575 634 Perseo
599 576 630 633 in
646 575 779 651 lapidem
801 535 963 637 conversus
979 577 1131 652 Gorgonis
1147 578 1254 654 capite.
1282 577 1373 637 Anth.

231 674 292 735 Pal.
316 675 363 735 III
387 679 434 736 11.
482 679 487 688 ’
1235 684 1238 688 ’

625 811 825 869 Monumenta
849 819 977 872 servata.

642 949 719 1008 Vasa
739 948 820 1021 picto
837 948 886 1022 tto.
908 950 967 1022 nin.

333 1087 359 1142 1.
375 1081 529 1158 Amphora
551 1083 615 1140 eius
635 1081 756 1158 generis
782 1083 865 1158 quod
892 1062 1052 1141 ‘affelrtiert
1080 1069 1278 1158 tyrrheniscb'
1302 1083 1374 1141 olim

232 1184 383 1244 vocabant
407 1183 458 1240 viri
480 1178 593 1258 docti¹,
616 1185 666 1244 ed.
691 1183 770 1244 Mus.
791 1182 882 1260 Greg.
904 1183 934 1241 ΙΙ
957 1185 1006 1244 31.
1030 1187 1059 1244 2.

313 1284 362 1342 Ab
393 1284 516 1342 homine
543 1285 573 1342 in
595 1284 667 1342 sella
701 1285 829 1342 sedente
863 1286 905 1342 ad
939 1287 969 1342 d.
993 1285 1123 1343 discedit
1153 1287 1195 1343 vir
1227 1287 1371 1344 barbatus

229 1385 343 1442 lacerto
356 1387 384 1445 d.
402 1385 515 1458 cibisin‚
532 1403 624 1443 manu
637 1405 660 1446 s.
675 1386 846 1444 caduceum
862 1404 979 1460 gerens.
1014 1387 1063 1447 Ab
1079 1389 1174 1444 altera
1195 1395 1283 1462 parte
1307 1388 1369 1445 viro

230 1488 348 1544 sedenti
371 1487 596 1562 appropinquat
617 1487 660 1545 vir
681 1488 781 1545 alatus
805 1495 950 1564 quattuor
972 1489 1034 1548 alis.
1073 1488 1237 1546 Praeterea
1259 1488 1370 1546 adsunt

230 1587 292 1644 duo
315 1587 368 1644 viri
389 1587 498 1645 tunicis
521 1587 618 1665 longis
635 1588 746 1649 vestiti.
791 1587 900 1646 Similis
921 1597 967 1646 est
989 1589 1110 1648 alterius
1131 1588 1225 1665 partis
1238 1589 1365 1664 pictura.

329 1691 357 1748 2.
370 1689 588 1765 Fragmentum
603 1689 635 1746 in
645 1700 715 1747 arce
727 1689 917 1750 Athenarum
927 1698 1086 1766 repertum,
1102 1691 1151 1750 ed.
1166 1675 1281 1765 Ἐφημ.
1295 1684 1365 1764 ἀρχ.

233 1791 312 1850 1885
336 1791 397 1850 tab.
421 1793 449 1848 5.
473 1789 510 1850 ci.
536 1790 573 1850 A.
595 1791 620 1869 J.
644 1790 701 1848 VlI
720 1811 749 1867 p.
773 1792 813 1851 37
833 1787 895 1852 ssi

241 1901 242 1906 ’
328 1893 458 1950 Perseus
490 1892 650 1966 chlamyde
679 1892 810 1969 crepidis
844 1893 929 1950 alatis
965 1891 1090 1949 vestitus
1114 1881 1153 1949 'in
1173 1910 1244 1949 arae
1272 1894 1370 1969 gradu

230 2002 290 2055 stat
303 1995 355 2051 'ad
378 1995 408 2054 d.
433 2011 604 2072 conversuS,
637 2012 730 2052 manu
752 2014 774 2055 S.
795 2013 870 2071 prae
901 2013 933 2052 se
956 2004 1063 2053 tenens
1089 2013 1232 2070 magnam
1255 1998 1369 2065 cibisin‚

229 2113 246 2151 e
283 2112 344 2171 qua
374 2097 526 2171 prominet
549 2096 698 2156 Medusae
728 2106 819 2172 caput
845 2097 976 2157 rubrum.
1021 2096 1120 2156 Persei
1149 2107 1240 2174 caput
1269 2101 1366 2158 deest.

232 2197 426 2274 Adscriptum
447 2205 508 2258 est:
540 2192 664 2259 POAO5
690 2193 854 2262 ltfittlltfi
868 2221 902 2247 =
913 2192 1144 2277 <Γο>ρ[ο]γοῦς
1158 2197 1330 2275 nemerim
1346 2221 1368 2260 S.

230 2298 273 2355 vir
286 2299 430 2357 barbatus
452 2300 494 2357 ad
510 2301 539 2359 d.
563 2317 723 2358 conversus
743 2301 830 2357 sedet
846 2307 967 2376 sceptro
982 2300 1101 2358 innixus
1120 2301 1221 2375 capite
1236 2302 1367 2382 reflex03

228 2405 298 2475 post
319 2416 390 2458 eum
419 2400 495 2458 alter
516 2401 646 2458 sedebat
666 2401 768 2472 hom0‚
797 2402 881 2459 culus
902 2418 983 2475 genu
1011 2420 1033 2459 s,
1057 2409 1167 2474 restat;
1201 2402 1290 2478 tertii,
1313 2403 1364 2478 qui

226 2501 335 2577 stabat,
367 2519 473 2560 manus
496 2521 517 2559 s,
548 2503 652 2562 relicta
676 2511 729 2561 est.
776 2503 814 2563 D.
843 2503 935 2560 homo
966 2503 1103 2579 sedebat,
1139 2502 1221 2560 cuius
1248 2503 1365 2560 cubitus

225 2621 248 2660 S.
270 2604 465 2678 agnoscitur.¹

637 2741 715 2802 Vasa
736 2743 814 2815 picto
834 2741 884 2816 rip.
907 2742 971 2800 rub.

330 2877 356 2934 3.
380 2873 506 2934 Cratera
518 2893 629 2952 magna
645 2893 720 2934 mus,
733 2875 908 2942 Biscariani‚
924 2877 975 2934 ed.
993 2869 1225 2932 D’Hancarville
1241 2873 1285 2931 IV
1300 2878 1369 2948 128,

232 2973 326 3034 Millin
349 2974 443 3050 peint.
466 2977 505 3032 de
528 2993 616 3034 vases
636 2976 663 3033 ΙΙ
686 2979 715 3041 3,
735 2978 753 3034 4
776 2973 827 3051 (cf.
842 2976 981 3033 Reinach
1003 2994 1032 3054 p.
1048 2971 1100 3050 45)
1125 2973 1161 3035 G.
1177 2975 1218 3035 M.
1235 2979 1282 3046 95,
1304 2977 1373 3054 347,

228 3075 392 3151 lnghirami
415 3094 474 3136 vas.
498 3076 552 3137 nt.
576 3077 625 3146 ro,
650 3081 698 3136 71.
932 3084 937 3094 ·
1258 3063 1260 3067 ’

328 3176 454 3236 Perseus
476 3196 567 3236 manu
589 3198 611 3237 S.
634 3179 781 3237 Medusae
805 3187 897 3254 caput
918 3180 1028 3236 tollens
1051 3181 1081 3238 d.
1104 3179 1236 3236 demissa
1259 3179 1367 3237 falcem

227 3286 335 3334 tenens
352 3287 442 3353 caput
454 3280 495 3337 ad
510 3299 532 3338 S.
554 3289 735 3338 convertens
747 3279 931 3354 colloquitur
946 3297 1015 3337 curn
1031 3279 1176 3338 Minerva.
1196 3279 1270 3337 Post
1285 3279 1364 3338 banc

228 3379 257 3435 in
281 3398 313 3436 re
335 3381 468 3454 quadam
490 3381 568 3438 saxis
591 3381 715 3438 rudibus
735 3389 894 3439 constante
919 3399 996 3456 quae
1018 3398 1119 3456 paene
1141 3398 1213 3436 arae
1235 3380 1364 3439 formam

227 3481 355 3555 praebet
374 3482 479 3538 mulier
493 3483 582 3539 sedet
593 3482 770 3540 diademate
783 3491 899 3540 ornata.
934 3482 964 3539 Si
989 3483 1094 3538 sedern
1117 3481 1198 3539 illam
1214 3483 1367 3557 appellare

229 3598 312 3637 aram
332 3583 412 3656 licet,
436 3592 517 3640 certe
539 3582 649 3643 Danae
672 3583 753 3658 picta
776 3592 830 3657 est,
858 3601 938 3658 quae
961 3593 993 3639 ut
1014 3582 1186 3656 Polydectis
1208 3583 1365 3640 libidinem

228 3683 300 3739 vitet
332 3685 373 3739 ad
403 3701 486 3741 aram
519 3683 665 3760 confugit.
709 3685 758 3742 Ab
781 3687 876 3742 altera
900 3683 1000 3742 Persei
1022 3693 1109 3759 parte
1130 3682 1313 3758 Polydectes
1336 3686 1366 3742 in

227 3782 300 3840 sella
328 3784 438 3841 Sedens
460 3787 634 3859 perterritus
658 3786 856 3860 Gorgoneum
879 3787 1024 3861 adspicit;
1055 3795 1123 3861 post
1147 3804 1216 3843 eum
1245 3787 1360 3843 iuvenis

227 3884 337 3942 baculo
359 3885 502 3944 innititur.
534 3888 569 3944 In
592 3888 687 3945 altera
703 3888 779 3944 vasis
801 3897 887 3963 parte
912 3889 992 3944 duae
1009 3887 1169 3964 Gorgones
1194 3888 1235 3943 ad
1251 3906 1273 3946 S.
1297 3905 1362 3945 cur·

228 3994 306 4064 runt,
330 4004 457 4060 quarum
477 3989 567 4063 priori
589 3990 704 4062 mulier,
728 3990 812 4047 alteri
834 3988 993 4064 Neptunus
1015 3991 1136 4049 obviam
1159 3989 1292 4049 veniunt.

326 4165 513 4236 ¹Duemmler,
536 4187 613 4222 roem.
642 4170 712 4222 Mitt.
739 4172 766 4218 II
793 4187 818 4236 p.
839 4169 890 4222 184
919 4186 977 4222 earn
1009 4171 1127 4237 appellat
1153 4173 1256 4223 atticam
1285 4173 1369 4223 causis

228 4274 280 4308 non
299 4258 392 4310 allatis.

325 4342 337 4379 2
356 4349 384 4397 P.
404 4347 577 4396 Kretschmer
595 4348 612 4397 l.
634 4363 655 4399 c.
676 4355 745 4397 recte
760 4347 900 4414 explicavit
914 4364 1032 4398 scaenam
1052 4349 1156 4416 pictam,
1177 4365 1234 4398 curn
1248 4350 1361 4399 Tsnntas

228 4435 378 4498 agnovisset
399 4438 524 4485 Perseum
544 4436 576 4484 ad
596 4435 729 4503 Cepheum
748 4438 951 4502 pervenientem.
