3154 5024
775 351 811 410 la

221 545 291 594 sunt
305 534 436 596 Medusa
459 533 585 610 tripodis
608 532 696 590 aenei
717 533 729 590 l
746 535 763 590 2
787 532 886 608 operis
909 542 962 590 aut
976 534 1076 610 graeci
1092 543 1145 593 aut
1159 535 1199 594 ad
1215 535 1363 611 optimum

222 638 376 713 exemplar
397 651 540 711 graecum
563 629 661 692 sacti¹
682 643 713 690 et
735 633 866 692 Medusa
889 635 1045 692 scarabaei
1067 636 1180 692 etrusci
1202 635 1215 692 I
1237 639 1285 696 15.
1315 679 1318 686 .

321 736 422 813 Caput
436 734 587 794 Medusae
609 733 640 790 in
663 732 788 798 vasculis
811 732 913 810 figuris
936 734 1027 809 nigris
1051 737 1167 793 ornatis
1189 737 1220 793 in
1239 727 1362 796 vasculo

221 840 321 916 liguris
344 838 440 896 rubris
464 845 572 895 omato
595 836 624 894 K
640 839 675 894 15
699 837 730 893 in
749 844 874 911 metopa
889 835 1055 894 Selinuntio
1070 837 1112 896 ΙΙ
1136 838 1264 896 formam
1278 855 1364 914 prae·

221 942 273 999 bet
296 939 592 1014 antiquissimam
614 935 640 1010 (I
653 936 913 1012 Furtwaengleri)‚
935 938 966 995 in
982 939 1103 1013 reliquis
1120 940 1248 998 vasculis
1263 941 1363 1015 liguris

221 1041 316 1100 rubris
344 1041 458 1099 ornatis
487 1040 557 1098 artis
585 1057 712 1097 severae
739 1048 769 1096 et
792 1040 822 1096 in
845 1039 965 1114 tripode
988 1040 1034 1098 12
1058 1039 1186 1098 formam
1209 1041 1364 1098 mediam

225 1138 265 1219 (ΙΙ
279 1137 334 1219 R),
356 1143 387 1200 in
402 1131 620 1200 recentioribus
635 1143 839 1200 monumentis
855 1143 1007 1220 plerisque
1029 1142 1156 1202 formam
1173 1141 1364 1218 pulchram

222 1243 281 1317 (III
309 1238 366 1322 R),
400 1243 484 1302 cuius
511 1243 719 1317 antiquissima
745 1244 886 1318 exempla
913 1252 983 1302 sunt
1014 1261 1152 1302 vasorum
1178 1242 1361 1317 picturaeN

222 1349 313 1406 4-6,
357 1345 418 1404 Sed
440 1346 518 1401 inter
536 1343 648 1401 formas
663 1344 798 1402 mediam
815 1354 845 1402 et
860 1345 1013 1419 pulchram
1029 1345 1194 1403 inserenda
1210 1354 1258 1402 est
1272 1363 1362 1414 nova,

224 1464 316 1521 quam
340 1446 500 1522 appellabo
524 1446 718 1503 barbaram
742 1446 805 1502 sive
829 1447 1035 1522 satyricam.
1079 1445 1158 1504 Nam
1173 1465 1240 1504 eum
1255 1445 1359 1502 inHl

222 1547 354 1606 Medusa
376 1547 530 1604 dormiens
552 1547 699 1621 praebeat
721 1546 830 1604 faciem
851 1548 971 1619 generis
986 1548 1079 1604 medii
1094 1544 1225 1622 (angues
1240 1549 1363 1622 desunt,

225 1649 303 1707 oculi
325 1648 419 1706 clausi
441 1645 535 1724 sunt),
559 1648 590 1704 in
610 1648 720 1722 pyxide
742 1647 806 1704 Ha
832 1665 893 1705 non
915 1649 956 1706 ita
976 1650 1068 1706 multo
1089 1657 1160 1724 post
1182 1657 1248 1706 orta
1270 1648 1363 1706 iacies

221 1750 262 1808 ad
275 1749 457 1825 Aethiopum
478 1749 648 1823 exemplum
670 1748 740 1806 ficta
764 1757 821 1807 est.
866 1748 946 1806 Casu
967 1767 1029 1806 non
1052 1750 1162 1808 accidit
1185 1758 1219 1806 ut
1231 1749 1362 1806 Medusa

222 1851 384 1909 dormiens·
397 1851 492 1926 prima
514 1849 718 1908 immutaretur
725 1865 732 1918 ;
766 1867 889 1908 somnus
911 1852 975 1926 ipse
997 1851 1115 1926 mitigat
1137 1859 1285 1908 terrorem
1310 1869 1361 1908 an·

222 1953 338 2026 tiquum
362 1951 525 2026 Gorgonis,
559 1950 690 2009 Medusa
720 1952 875 2008 dormiens
908 1953 1068 2010 humanior
1099 1971 1135 2010 ac
1169 1952 1229 2010 iam
1261 1969 1361 2026 paene

220 2053 334 2112 idonea
360 2062 408 2110 est
429 2070 508 2127 quae
533 2052 770 2132 misericordiam
792 2061 927 2110 nostram
948 2062 1079 2112 moveat.
1122 2054 1219 2114 Aliam
1242 2053 1361 2111 terroris

220 2153 354 2212 leniendi
376 2155 525 2212 rationem
547 2153 686 2211 adhibuit
710 2153 839 2230 Tuscus,
866 2154 918 2230 qui
940 2155 970 2212 in
992 2163 1100 2232 patera
1122 2154 1152 2228 Q
1174 2157 1192 2214 9
1216 2153 1359 2212 Perseum

217 2256 315 2332 pinxit
328 2263 501 2330 portantem
517 2263 610 2330 caput
625 2255 787 2330 satyricum
801 2255 923 2314 auribus
938 2255 1041 2313 ferinis
1056 2257 1236 2332 praeditum.
1280 2254 1357 2313 Cum

218 2356 268 2414 hic
295 2357 354 2414 ioci
380 2373 474 2414 causa
500 2355 657 2431 antiquum
681 2354 880 2432 Gorgoneum
901 2357 933 2414 in
955 2357 1053 2430 Satyri
1078 2365 1170 2432 caput
1192 2358 1356 2415 mutavisse

218 2459 367 2535 videatur,
385 2458 493 2532 figulus
509 2457 618 2515 atticus
629 2456 714 2515 haud
725 2458 875 2534 ignoravit
886 2458 1017 2516 virorum
1028 2459 1189 2517 doctorum
1201 2458 1231 2514 V
1243 2458 1356 2516 saeculi

218 2560 396 2632 sententias,
430 2559 482 2636 qui
508 2560 539 2616 in
568 2559 665 2634 Libya
692 2558 857 2618 Medusam
885 2560 1113 2618 collocaverunt
1122 2556 1144 2636 2,
1179 2561 1262 2618 unde
1291 2570 1358 2618 orta

217 2669 266 2719 est
290 2660 341 2718 illa
368 2660 490 2719 fabulae
518 2659 679 2736 explicatio
706 2661 802 2719 multo
831 2670 901 2737 post
927 2662 966 2719 ab
988 2661 1207 2720 Euhemeristis
1231 2661 1358 2737 prolata,

217 2760 380 2820 Medusam
395 2761 488 2819 fuisse
504 2762 639 2836 reginam
654 2761 769 2836 Libyae
782 2758 803 2820 ³.
847 2763 883 2819 In
897 2765 1008 2821 eadem
1023 2764 1136 2839 pyxide
1152 2763 1212 2821 alio
1235 2780 1359 2840 quoque

218 2865 312 2922 modo
340 2862 523 2937 significatur
545 2863 627 2939 regio
650 2863 701 2919 ubi
723 2863 839 2921 lacinus
862 2865 1070 2924 committitur:
1095 2865 1202 2923 arbore
1225 2865 1280 2923 sub
1298 2882 1359 2939 qua

218 2965 348 3024 Medusa
375 2963 494 3024 dormit.
538 2963 658 3040 Eadem
687 2965 777 3022 arbor
803 2966 933 3023 occurrit
958 2966 990 3024 in
1012 2966 1040 3022 K
1063 2967 1102 3024 22
1134 2966 1188 3042 (ibi
1211 2965 1357 3024 fructibus

216 3060 340 3144 onusta)
371 3074 404 3123 et
430 3065 461 3121 in
483 3063 707 3123 Daldianorum
736 3083 860 3123 nummo
890 3065 920 3124 H
944 3069 961 3125 6
994 3076 1025 3124 et
1054 3067 1174 3123 videtur
1202 3085 1264 3125 non
1293 3067 1358 3125 sine

217 3183 311 3225 causa
346 3163 477 3225 scaenae
513 3173 636 3224 nostrae
671 3167 754 3225 illata
790 3185 876 3242 esse;
910 3167 1072 3243 Gorgones
1106 3167 1186 3226 enirn
1217 3169 1358 3227 habitant

214 3269 385 3327 secundum
407 3268 580 3326 Hesiodum
603 3267 676 3345 (Th.
700 3269 770 3338 274,
794 3269 847 3344 75)

366 3412 499 3428 .....
522 3365 623 3444 πέρην
644 3368 762 3430 κλυτοῦ
785 3355 953 3434 Ὠκεανοῖο

362 3466 493 3550 ἐσχατιῇ
514 3467 598 3546 πρὸς
620 3466 746 3550 νυκτός,
767 3467 807 3532 iv'
829 3461 1018 3550 Ἑσπερίδες
1041 3469 1226 3548 λιγύφωνοι.

313 3572 370 3630 Est
398 3572 488 3646 igitur
512 3572 602 3630 arbor
622 3571 837 3650 Hesperidum,
867 3575 1047 3649 quibuscum
1070 3573 1231 3650 Gorgones
1261 3573 1355 3631 etiam

152 3701 158 3715 ·
213 3681 363 3750 cognatae
393 3681 477 3746 sunt;
511 3672 711 3748 Hesperides
733 3683 765 3731 et
797 3675 883 3750 ipsae
917 3674 1058 3752 Phorcyis
1092 3685 1123 3732 et
1150 3676 1243 3734 Cetus
1278 3675 1355 3732 filiae

314 3853 325 3891 ¹
343 3859 375 3907 In
388 3857 470 3908 altera
488 3860 597 3926 tripodis
616 3867 690 3925 parte
703 3859 802 3910 Peleus
816 3859 891 3910 lictus
906 3867 946 3911 est
957 3860 1066 3912 luctatus
1079 3877 1137 3912 cum
1149 3862 1270 3922 Thetide,
1289 3879 1356 3930 quae

214 3943 307 3994 eodem
326 3945 407 3996 modo
426 3951 505 4012 atque
525 3947 552 3996 in
571 3948 640 3996 vasis
659 3947 737 4013 pictis
762 3948 915 4013 (Overbeck
939 3949 1097 4017 Sagenlrreis
1117 3952 1167 4001 tab.
1182 3953 1235 4001 VH
1253 3952 1279 4018 3,
1289 3950 1314 4018 5,
1326 3951 1356 4017 6;

215 4033 389 4098 Heydemann
408 4034 510 4088 Griech.
524 4035 641 4088 Vasenb.
655 4037 695 4085 VI
715 4035 794 4101 1-3)
814 4037 842 4086 in
860 4038 942 4087 varias
961 4038 1101 4089 bestiarum
1120 4040 1215 4089 formas
1234 4047 1355 4094 mutatur.

213 4121 365 4172 Notandum
385 4123 470 4172 estin
488 4139 547 4173 arca
565 4139 671 4189 quoque
684 4124 791 4190 Cypseli
804 4127 929 4176 Perseum
948 4127 1090 4190 fugientem
1108 4129 1282 4194 compositum
1297 4143 1355 4179 esse

212 4225 269 4259 curn
289 4209 371 4260 Peleo
391 4216 417 4260 et
435 4211 548 4262 Thetide
571 4213 602 4264 cf.
621 4213 699 4265 Paus.
719 4213 744 4262 V
764 4212 806 4280 18,
819 4213 844 4266 5.

311 4292 323 4332 ²
341 4298 381 4350 Cf.
400 4299 499 4351 Herod.
518 4297 597 4352 1191
617 4299 734 4353 οἴσοντα
752 4301 783 4354 ἐκ
801 4301 903 4370 Λιβύης
922 4303 975 4368 τὴν
995 4301 1114 4370 Γοργοῦς
1133 4303 1267 4370 κεφαλήν.

311 4382 466 4452 ³Palaeph.
486 4385 533 4446 32;
554 4388 634 4440 Diod.
654 4389 696 4437 111
714 4386 758 4457 55,
771 4389 796 4442 3.
