3154 5024
787 333 821 387 ot

241 517 327 593 quod
346 521 468 591 praeter
489 514 598 572 Persas
620 514 758 572 videmus
781 513 955 589 Aethiopes
993 530 1062 572 cum
1088 513 1171 572 idern
1200 515 1243 570 vir
1270 512 1383 572 doctis-

240 619 332 676 simus
365 617 383 675 l.
410 634 434 677 c.
464 635 493 691 p.
533 615 592 673 184
622 614 789 691 Aethiopes
822 615 957 692 persicos
992 614 1117 673 Graecis
1154 610 1294 690 (fortasse
1328 633 1383 690 per

241 719 397 795 Scylacem
412 708 634 793 geographum)
649 724 740 774 notos
762 716 856 774 fuisse
877 717 1098 774 monstraverit.
1142 718 1235 791 Apud
1250 715 1383 792 Aeschy-

240 820 300 878 lum
322 820 384 878 iam
405 824 566 876 occurrunt
587 815 656 874 Indi
684 815 753 890 τοῖς
775 812 922 892 Αἰθίοψιν
943 811 1273 892 ἀστυγειτονούμενοι.
1315 817 1383 875 Nec

243 921 340 996 magis
368 920 476 978 mirum
504 926 558 986 est,
592 919 677 993 quod
699 917 902 993 Aethiopibus
924 920 1036 976 nostris
1058 918 1157 992 pictor
1179 919 1266 977 dedit
1291 919 1382 978 iacies

241 1021 426 1098 Aethiopum
447 1019 650 1078 africanorum
670 1019 743 1075 inde
765 1019 804 1076 ab
827 1014 954 1077 Amasi1
976 1019 1145 1095 pictoribus
1167 1020 1284 1096 graecis
1308 1037 1402 1092 con·¹

241 1132 353 1183 suetas.

340 1226 418 1284 Puto
439 1226 529 1302 igitur
550 1225 700 1301 picturam
719 1222 834 1281 vasculi
848 1222 944 1280 nostri
960 1239 1027 1280 esse
1042 1221 1243 1280 imitationem
1258 1222 1382 1280 tabulae

241 1345 259 1384 a
288 1327 422 1402 chorego
452 1328 502 1403 qui
535 1324 693 1402 Sophoclis
716 1323 916 1382 Andromeda
943 1323 1012 1381 vicit
1041 1331 1247 1382 consecratae.
1293 1321 1382 1396 Quae

241 1429 372 1487 sirecte
397 1428 555 1503 disputata
583 1436 661 1500 sunt,
694 1425 824 1484 sortasse
856 1444 918 1483 non
949 1425 1038 1483 nimis
1065 1425 1212 1508 audacter
1238 1420 1382 1501 σάρητον

240 1531 314 1589 illud
342 1530 427 1608 quod
449 1523 647 1603 μεσόλευκον
670 1527 788 1603 χιτῶνα
814 1526 907 1586 fuisse
933 1526 1103 1602 Hesychius
1133 1533 1262 1584 testatur
1287 1544 1383 1600 agno·

240 1632 349 1692 scimus
368 1631 400 1688 in
415 1631 634 1688 Andromedae
657 1628 771 1687 vasculi
789 1629 885 1686 nostri
904 1629 1009 1686 tunica
1030 1627 1167 1696 mirabili,
1192 1630 1241 1686 cui
1262 1627 1382 1688 mediae

241 1733 385 1810 imposita
406 1739 453 1790 est
473 1731 583 1789 lacinia
596 1731 683 1806 pellis
701 1738 734 1788 ut
747 1730 867 1787 videtur
881 1730 980 1790 albae.
1024 1728 1120 1802 Quod
1134 1738 1237 1789 autem
1252 1728 1383 1788 Perseus

240 1852 298 1893 nec
317 1834 468 1892 Medusae
491 1840 583 1907 caput
610 1849 668 1890 nec
692 1831 809 1905 harpen
836 1831 925 1906 gerit,
958 1832 1014 1890 sed
1044 1832 1138 1892 hastis
1166 1839 1298 1890 armatus
1327 1840 1383 1904 est,

241 1935 453 1994 coniciendum
476 1942 522 2023 est
545 1951 614 1990 eum
635 1934 720 2009 apud
736 1932 919 2008 Sophoclem
941 1934 1019 1991 sicut
1040 1935 1070 1990 in
1094 1935 1170 1994 cista
1185 1932 1384 1992 Praenestina
1414 1997 1416 2002 ,

242 2036 271 2109 Q
295 2039 331 2096 10
356 2035 445 2094 hasta
466 2037 612 2092 adversus
634 2041 805 2092 monstrum
827 2035 975 2093 marinum
1001 2035 1199 2096 dimicavisse.

340 2137 481 2194 Exeunte
510 2136 633 2194 saeculo
657 2135 685 2190 V
714 2143 806 2210 atque
836 2135 960 2194 ineunte
986 2137 1108 2195 saeculo
1129 2135 1175 2196 IV
1199 2119 1339 2195 artifices
1350 2135 1383 2194 id

241 2239 364 2296 studere
388 2247 564 2314 coeperunt,
593 2247 627 2295 ut
654 2237 771 2294 animos
794 2238 996 2312 spectantium
1018 2238 1209 2297 delectarent
1230 2256 1267 2296 ac
1289 2237 1383 2296 sensi·

241 2341 297 2398 bus
330 2339 518 2416 voluptatem
550 2339 741 2415 praeberent.
785 2340 874 2398 Tunc
901 2347 969 2397 orta
989 2350 1038 2399 est
1058 2339 1186 2398 Danae
1208 2339 1309 2397 nuda
1329 2339 1382 2396 im·

154 2514 159 2523 ⁴
241 2443 325 2500 brem
352 2459 477 2500 aureum
504 2441 657 2516 excipiens
684 2441 769 2500 cuius
801 2442 1041 2517 antiquissimum
1068 2441 1239 2516 exemplum
1260 2449 1306 2498 est
1326 2458 1380 2499 vas

239 2541 409 2600 multicolor
430 2542 457 2599 A
482 2543 509 2602 3.
553 2541 652 2600 Etiam
674 2541 866 2601 Medusam
890 2545 1007 2601 nudam
1029 2543 1143 2617 lingere
1167 2542 1247 2602 circa
1268 2559 1381 2600 anuum

239 2645 302 2704 400
324 2660 416 2702 ausus
438 2651 486 2700 est
507 2651 613 2701 auctor
634 2644 757 2717 ignotus
779 2645 879 2718 operis
895 2661 950 2719 per
964 2651 1062 2702 totam
1077 2645 1287 2719 antiquitatem
1302 2643 1382 2700 cele·

241 2745 371 2821 hanimi,
398 2745 484 2802 cuius
507 2744 647 2821 exempla
669 2744 877 2820 antiquissima
900 2762 981 2820 quae
1003 2753 1136 2804 aetatem
1160 2745 1295 2802 tulerunt
1314 2761 1382 2803 vas·

244 2846 312 2904 cula
334 2846 438 2903 sunt'l
462 2847 521 2916 7,8
544 2846 630 2903 initio
652 2846 715 2902 fere
737 2847 851 2904 saeculi
873 2847 972 2923 quarti
994 2854 1068 2906 orta.
1112 2847 1221 2922 Longo
1237 2830 1382 2920 temporis

240 2947 400 3005 intervallo
423 2947 462 3004 ab
485 2946 531 3004 his
556 2947 671 3005 distant
692 2947 821 3022 reliqua:
853 2949 969 3024 pictura
992 2947 1178 3024 Pompeiana
1200 2948 1256 3024 19,
1279 2947 1382 3006 tabula

240 3048 418 3106 aLuciano
441 3048 593 3123 descripta
613 3048 665 3118 lc,
700 3048 872 3124 anaglypha
902 3049 1010 3107 dacica
1037 3050 1050 3107 Ι
1074 3049 1208 3126 10-12,
1240 3066 1381 3107 nummus

238 3148 253 3205 I
277 3151 324 3209 13.
367 3149 468 3207 Nihilo
500 3150 599 3206 minus
634 3150 664 3206 in
694 3149 835 3207 omnibus
868 3167 968 3224 paene
1002 3152 1130 3210 eaedem
1166 3158 1237 3208 sunt
1268 3151 1382 3224 figurae

240 3249 352 3320 Persei,
385 3253 437 3327 qui
464 3252 564 3328 capite
590 3252 703 3310 reflexo
731 3252 891 3327 chlamyde
915 3269 1008 3326 passa
1035 3270 1054 3310 a
1076 3252 1197 3310 sinistra
1220 3269 1381 3310 accurrens

239 3369 331 3410 manu
355 3352 474 3410 sinistra
490 3350 641 3411 Medusae
663 3362 756 3428 caput
779 3352 1020 3429 comprehendit,
1043 3353 1152 3410 dextra
1174 3352 1289 3429 harpen
1311 3353 1376 3428 gla-

240 3454 360 3512 diumve
382 3453 460 3512 collo
484 3455 548 3511 eius
568 3454 722 3530 admovet,
746 3463 776 3511 et
791 3453 951 3523 Medusae,
976 3471 1054 3530 quae
1076 3455 1116 3513 ad
1132 3472 1215 3530 genu
1229 3455 1381 3514 sinistmm

239 3556 444 3631 procumbens
466 3572 563 3630 usque
586 3557 627 3613 ad
649 3556 796 3630 pudenda
819 3556 912 3630 nuda,
946 3555 1003 3612 nisi
1030 3557 1113 3630 quod
1145 3557 1315 3615 vestimenti
1337 3557 1381 3614 la-

240 3656 319 3714 cinia
341 3657 382 3714 de
405 3672 509 3713 umero
531 3657 653 3714 sinistro
680 3657 806 3731 pendet,
840 3674 932 3714 manu
966 3658 1073 3714 dextra
1095 3655 1196 3716 Persei
1226 3657 1381 3716 brachium

239 3759 380 3816 dextrum
403 3753 595 3833 amplectitur
617 3756 762 3834 (excepto
785 3754 855 3834 19).
900 3757 937 3814 In
959 3775 997 3814 eo
1020 3757 1172 3831 differunt,
1206 3760 1291 3834 quod
1313 3757 1377 3816 Me·

241 3860 338 3917 dusae
360 3859 517 3917 brachium
540 3859 691 3917 sinistrum
712 3860 744 3916 in
772 3859 894 3935 reliquis
917 3860 1122 3918 monumentis
1144 3870 1198 3919 aut
1223 3869 1381 3919 extensum

238 3969 292 4018 aut
313 3961 407 4036 capiti
426 3961 586 4019 admotum
608 3968 666 4033 est,
688 3961 720 4017 in
741 3961 914 4037 anaglypho
936 3961 949 4018 Ι
967 3964 1006 4021 10
1028 3971 1130 4020 autem
1145 3959 1238 4039 gladii
1252 3977 1382 4018 acumen

238 4061 477 4136 comprehendit,
513 4063 598 4136 quod
633 4063 847 4137 exaggerantis
879 4070 926 4120 est
960 4063 1081 4121 artificis
1117 4063 1242 4122 romani.
1294 4062 1382 4120 Idem

238 4164 404 4221 dicendum
425 4171 472 4221 est
493 4165 534 4222 de
557 4163 669 4222 Perseo
692 4163 861 4238 inpletura
885 4164 930 4224 19
953 4181 1035 4238 genu
1058 4164 1211 4222 sinistrum
1232 4163 1381 4222 Medusae

339 4377 348 4415 1
367 4381 406 4432 Cl.
425 4382 575 4432 Memnonis
594 4380 730 4447 satellites,
751 4382 962 4446 Vorlegebliitter
984 4383 1051 4436 1889
1070 4382 1111 4434 111
1130 4385 1153 4435 3.
