<?xml version="1.0" encoding="UTF-8"?>
<!DOCTYPE html PUBLIC "-//W3C//DTD XHTML 1.0 Transitional//EN"
    "http://www.w3.org/TR/xhtml1/DTD/xhtml1-transitional.dtd">
<html xmlns="http://www.w3.org/1999/xhtml" xml:lang="en" lang="en">
 <head>
  <title>
</title>
<meta http-equiv="Content-Type" content="text/html;charset=utf-8" />
  <meta name='ocr-system' content='tesseract 3.04.00' />
  <meta name='ocr-capabilities' content='ocr_page ocr_carea ocr_par ocr_line ocrx_word'/>
</head>
<body>
  <div class='ocr_page' id='page_1' title='image "./qvomodoperseifa00knatgoog_0048.png"; bbox 0 0 3154 5024; ppageno 0'>
   <div class='ocr_carea' id='block_1_1' title="bbox 763 402 798 458">
    <p class='ocr_par' dir='ltr' id='par_1_1' title="bbox 763 402 798 458">
     <span class='ocr_line' id='line_1_1' title="bbox 763 402 798 458; baseline 0.057 -2"><span class='ocrx_word' id='word_1_1' title='bbox 763 402 798 458; x_wconf 85' lang='lat'>43</span> 
     </span>
    </p>
   </div>
   <div class='ocr_carea' id='block_1_2' title="bbox 195 577 1346 3694">
    <p class='ocr_par' dir='ltr' id='par_1_2' title="bbox 206 577 1346 760">
     <span class='ocr_line' id='line_1_2' title="bbox 206 577 1346 658; baseline 0.001 -20"><span class='ocrx_word' id='word_1_2' title='bbox 206 581 318 641; x_wconf 88' lang='lat' dir='ltr'>Perseo</span> <span class='ocrx_word' id='word_1_3' title='bbox 342 581 497 640; x_wconf 89' lang='lat' dir='ltr'>dederunt</span> <span class='ocrx_word' id='word_1_4' title='bbox 516 582 655 658; x_wconf 83' lang='lat' dir='ltr'>crepidas</span> <span class='ocrx_word' id='word_1_5' title='bbox 679 582 775 640; x_wconf 88' lang='lat' dir='ltr'>alatas</span> <span class='ocrx_word' id='word_1_6' title='bbox 797 578 847 654; x_wconf 88' lang='lat' dir='ltr'>(cl.</span> <span class='ocrx_word' id='word_1_7' title='bbox 871 582 900 639; x_wconf 91' lang='lat' dir='ltr'><strong>K</strong></span> <span class='ocrx_word' id='word_1_8' title='bbox 919 586 964 651; x_wconf 77' lang='lat'>14,</span> <span class='ocrx_word' id='word_1_9' title='bbox 986 581 1014 639; x_wconf 87' lang='grc' dir='ltr'>Ν</span> <span class='ocrx_word' id='word_1_10' title='bbox 1029 577 1058 658; x_wconf 83' lang='grc'>2)</span> <span class='ocrx_word' id='word_1_11' title='bbox 1081 582 1193 639; x_wconf 88' lang='lat' dir='ltr'>eodem</span> <span class='ocrx_word' id='word_1_12' title='bbox 1208 580 1346 657; x_wconf 85' lang='lat' dir='ltr'>tempore</span> 
     </span>
     <span class='ocr_line' id='line_1_3' title="bbox 206 677 812 760; baseline 0 -20"><span class='ocrx_word' id='word_1_13' title='bbox 206 701 268 760; x_wconf 93' lang='lat' dir='ltr'>quo</span> <span class='ocrx_word' id='word_1_14' title='bbox 291 683 474 743; x_wconf 85' lang='lat' dir='ltr'>Mercurium</span> <span class='ocrx_word' id='word_1_15' title='bbox 495 684 551 742; x_wconf 90' lang='lat' dir='ltr'>illis</span> <span class='ocrx_word' id='word_1_16' title='bbox 573 683 779 742; x_wconf 85' lang='lat' dir='ltr'>instruxerunt</span> <span class='ocrx_word' id='word_1_17' title='bbox 792 677 812 741; x_wconf 86' lang='lat'>¹.</span> 
     </span>
    </p>

    <p class='ocr_par' dir='ltr' id='par_1_3' title="bbox 201 783 1346 1468">
     <span class='ocr_line' id='line_1_4' title="bbox 304 783 1345 860; baseline 0 -19"><span class='ocrx_word' id='word_1_18' title='bbox 304 783 404 843; x_wconf 92' lang='lat' dir='ltr'>Ditis</span> <span class='ocrx_word' id='word_1_19' title='bbox 431 786 539 860; x_wconf 84' lang='lat' dir='ltr'>galea</span> <span class='ocrx_word' id='word_1_20' title='bbox 563 785 652 860; x_wconf 80' lang='lat' dir='ltr'>&#39;apud</span> <span class='ocrx_word' id='word_1_21' title='bbox 677 783 899 860; x_wconf 88' lang='lat' dir='ltr'>antiquissimos</span> <span class='ocrx_word' id='word_1_22' title='bbox 925 783 1055 842; x_wconf 86' lang='lat' dir='ltr'>artifices</span> <span class='ocrx_word' id='word_1_23' title='bbox 1085 792 1133 842; x_wconf 88' lang='lat' dir='ltr'>est</span> <span class='ocrx_word' id='word_1_24' title='bbox 1165 792 1218 843; x_wconf 92' lang='lat' dir='ltr'>aut</span> <span class='ocrx_word' id='word_1_25' title='bbox 1249 783 1345 859; x_wconf 76' lang='lat' dir='ltr'>pileus</span> 
     </span>
     <span class='ocr_line' id='line_1_5' title="bbox 205 886 1346 962; baseline 0.003 -19"><span class='ocrx_word' id='word_1_26' title='bbox 205 893 257 943; x_wconf 91' lang='lat' dir='ltr'>aut</span> <span class='ocrx_word' id='word_1_27' title='bbox 293 887 438 962; x_wconf 85' lang='lat' dir='ltr'><strong>antiquae</strong></span> <span class='ocrx_word' id='word_1_28' title='bbox 475 886 590 944; x_wconf 85' lang='lat' dir='ltr'>formae</span> <span class='ocrx_word' id='word_1_29' title='bbox 626 894 751 960; x_wconf 91' lang='lat' dir='ltr'>petasus</span> <span class='ocrx_word' id='word_1_30' title='bbox 788 886 923 961; x_wconf 85' lang='lat' dir='ltr'>margine</span> <span class='ocrx_word' id='word_1_31' title='bbox 960 893 1091 958; x_wconf 90' lang='lat' dir='ltr'>angusto</span> <span class='ocrx_word' id='word_1_32' title='bbox 1129 886 1346 946; x_wconf 82' lang='lat' dir='ltr'>circumdatus.</span> 
     </span>
     <span class='ocr_line' id='line_1_6' title="bbox 203 985 1343 1062; baseline -0.001 -19"><span class='ocrx_word' id='word_1_33' title='bbox 203 985 281 1044; x_wconf 90' lang='lat' dir='ltr'>Cum</span> <span class='ocrx_word' id='word_1_34' title='bbox 303 987 424 1062; x_wconf 88' lang='lat' dir='ltr'>propria</span> <span class='ocrx_word' id='word_1_35' title='bbox 444 985 520 1046; x_wconf 85' lang='lat' dir='ltr'>illius</span> <span class='ocrx_word' id='word_1_36' title='bbox 541 987 650 1062; x_wconf 86' lang='lat' dir='ltr'>galeae</span> <span class='ocrx_word' id='word_1_37' title='bbox 673 987 715 1044; x_wconf 91' lang='lat' dir='ltr'>vis</span> <span class='ocrx_word' id='word_1_38' title='bbox 738 985 865 1061; x_wconf 88' lang='lat' dir='ltr'>exprimi</span> <span class='ocrx_word' id='word_1_39' title='bbox 885 1003 948 1043; x_wconf 91' lang='lat' dir='ltr'>non</span> <span class='ocrx_word' id='word_1_40' title='bbox 970 994 1086 1061; x_wconf 86' lang='lat' dir='ltr'>posset,</span> <span class='ocrx_word' id='word_1_41' title='bbox 1109 986 1205 1062; x_wconf 89' lang='lat' dir='ltr'>quinti</span> <span class='ocrx_word' id='word_1_42' title='bbox 1229 986 1343 1044; x_wconf 90' lang='lat' dir='ltr'>saeculi</span> 
     </span>
     <span class='ocr_line' id='line_1_7' title="bbox 203 1085 1341 1164; baseline -0.002 -18"><span class='ocrx_word' id='word_1_43' title='bbox 203 1086 333 1146; x_wconf 88' lang='lat' dir='ltr'>artifices</span> <span class='ocrx_word' id='word_1_44' title='bbox 364 1087 396 1145; x_wconf 92' lang='lat' dir='ltr'>in</span> <span class='ocrx_word' id='word_1_45' title='bbox 425 1087 476 1146; x_wconf 90' lang='lat' dir='ltr'>illa</span> <span class='ocrx_word' id='word_1_46' title='bbox 506 1087 712 1164; x_wconf 90' lang='lat' dir='ltr'>repetiverunt</span> <span class='ocrx_word' id='word_1_47' title='bbox 746 1088 938 1162; x_wconf 89' lang='lat' dir='ltr'>crepidarum</span> <span class='ocrx_word' id='word_1_48' title='bbox 969 1087 1071 1162; x_wconf 90' lang='lat' dir='ltr'>signa:</span> <span class='ocrx_word' id='word_1_49' title='bbox 1109 1087 1181 1148; x_wconf 91' lang='lat' dir='ltr'>alas.</span> <span class='ocrx_word' id='word_1_50' title='bbox 1225 1085 1341 1145; x_wconf 90' lang='lat' dir='ltr'>Pileum</span> 
     </span>
     <span class='ocr_line' id='line_1_8' title="bbox 203 1183 1344 1265; baseline -0.002 -19"><span class='ocrx_word' id='word_1_51' title='bbox 203 1205 326 1265; x_wconf 92' lang='lat' dir='ltr'>quoque</span> <span class='ocrx_word' id='word_1_52' title='bbox 362 1189 475 1247; x_wconf 88' lang='lat' dir='ltr'>alatum</span> <span class='ocrx_word' id='word_1_53' title='bbox 507 1196 577 1246; x_wconf 90' lang='lat' dir='ltr'>ante</span> <span class='ocrx_word' id='word_1_54' title='bbox 606 1187 750 1246; x_wconf 90' lang='lat' dir='ltr'>Perseum</span> <span class='ocrx_word' id='word_1_55' title='bbox 779 1187 945 1246; x_wconf 87' lang='lat' dir='ltr'>Mercurius</span> <span class='ocrx_word' id='word_1_56' title='bbox 979 1183 1120 1247; x_wconf 75' lang='lat' dir='ltr'>habuit2.</span> <span class='ocrx_word' id='word_1_57' title='bbox 1173 1186 1344 1247; x_wconf 88' lang='lat' dir='ltr'>Probantur</span> 
     </span>
     <span class='ocr_line' id='line_1_9' title="bbox 202 1288 1345 1368; baseline -0.002 -20"><span class='ocrx_word' id='word_1_58' title='bbox 202 1290 293 1364; x_wconf 87' lang='lat' dir='ltr'>igitur</span> <span class='ocrx_word' id='word_1_59' title='bbox 322 1291 410 1368; x_wconf 89' lang='lat' dir='ltr'>quasi</span> <span class='ocrx_word' id='word_1_60' title='bbox 436 1291 642 1349; x_wconf 86' lang='lat' dir='ltr'>monumentis</span> <span class='ocrx_word' id='word_1_61' title='bbox 668 1307 705 1346; x_wconf 94' lang='lat' dir='ltr'>ea</span> <span class='ocrx_word' id='word_1_62' title='bbox 727 1308 806 1365; x_wconf 90' lang='lat' dir='ltr'>quae</span> <span class='ocrx_word' id='word_1_63' title='bbox 827 1290 995 1366; x_wconf 84' lang='lat' dir='ltr'>Aeschylus</span> <span class='ocrx_word' id='word_1_64' title='bbox 1016 1291 1148 1348; x_wconf 87' lang='lat' dir='ltr'>narravit</span> <span class='ocrx_word' id='word_1_65' title='bbox 1171 1290 1203 1348; x_wconf 89' lang='lat' dir='ltr'>in</span> <span class='ocrx_word' id='word_1_66' title='bbox 1220 1288 1345 1348; x_wconf 91' lang='lat' dir='ltr'>Phorci·</span> 
     </span>
     <span class='ocr_line' id='line_1_10' title="bbox 201 1387 1308 1468; baseline 0.001 -19"><span class='ocrx_word' id='word_1_67' title='bbox 201 1391 291 1449; x_wconf 91' lang='lat' dir='ltr'>dibus</span> <span class='ocrx_word' id='word_1_68' title='bbox 303 1387 325 1468; x_wconf 73' lang='lat'>³,</span> <span class='ocrx_word' id='word_1_69' title='bbox 348 1391 493 1450; x_wconf 91' lang='lat' dir='ltr'>Perseum</span> <span class='ocrx_word' id='word_1_70' title='bbox 516 1410 534 1450; x_wconf 91' lang='lat' dir='ltr'>a</span> <span class='ocrx_word' id='word_1_71' title='bbox 556 1391 706 1448; x_wconf 86' lang='lat' dir='ltr'>Mercurio</span> <span class='ocrx_word' id='word_1_72' title='bbox 729 1391 887 1465; x_wconf 89' lang='lat' dir='ltr'>accepisse</span> <span class='ocrx_word' id='word_1_73' title='bbox 910 1399 942 1448; x_wconf 88' lang='lat' dir='ltr'>et</span> <span class='ocrx_word' id='word_1_74' title='bbox 962 1393 1083 1466; x_wconf 90' lang='lat' dir='ltr'>galeam</span> <span class='ocrx_word' id='word_1_75' title='bbox 1105 1399 1136 1449; x_wconf 89' lang='lat' dir='ltr'>et</span> <span class='ocrx_word' id='word_1_76' title='bbox 1158 1389 1308 1468; x_wconf 84' lang='lat' dir='ltr'>crepidas.</span> 
     </span>
    </p>

    <p class='ocr_par' dir='ltr' id='par_1_4' title="bbox 199 1491 1346 2377">
     <span class='ocr_line' id='line_1_11' title="bbox 300 1491 1343 1568; baseline 0 -18"><span class='ocrx_word' id='word_1_77' title='bbox 300 1491 388 1551; x_wconf 91' lang='lat' dir='ltr'>Nova</span> <span class='ocrx_word' id='word_1_78' title='bbox 410 1491 517 1568; x_wconf 82' lang='lat' dir='ltr'>galeae</span> <span class='ocrx_word' id='word_1_79' title='bbox 534 1491 631 1550; x_wconf 90' lang='lat' dir='ltr'>forma</span> <span class='ocrx_word' id='word_1_80' title='bbox 653 1493 782 1550; x_wconf 90' lang='lat' dir='ltr'>occurrit</span> <span class='ocrx_word' id='word_1_81' title='bbox 805 1493 837 1549; x_wconf 91' lang='lat' dir='ltr'>in</span> <span class='ocrx_word' id='word_1_82' title='bbox 858 1509 982 1550; x_wconf 90' lang='lat' dir='ltr'>nummo</span> <span class='ocrx_word' id='word_1_83' title='bbox 1009 1492 1149 1568; x_wconf 85' lang='lat' dir='ltr'>cyziceno</span> <span class='ocrx_word' id='word_1_84' title='bbox 1172 1492 1343 1567; x_wconf 89' lang='lat' dir='ltr'>antiquiore</span> 
     </span>
     <span class='ocr_line' id='line_1_12' title="bbox 203 1590 1346 1669; baseline 0.002 -19"><span class='ocrx_word' id='word_1_85' title='bbox 203 1593 297 1668; x_wconf 66' lang='lat' dir='ltr'>Ptin</span> <span class='ocrx_word' id='word_1_86' title='bbox 322 1590 405 1666; x_wconf 85' lang='grc' dir='ltr'>Κυνῆ</span> <span class='ocrx_word' id='word_1_87' title='bbox 429 1593 543 1652; x_wconf 88' lang='lat' dir='ltr'>thracia</span> <span class='ocrx_word' id='word_1_88' title='bbox 566 1601 612 1650; x_wconf 92' lang='lat' dir='ltr'>est</span> <span class='ocrx_word' id='word_1_89' title='bbox 633 1593 817 1663; x_wconf 85' lang='lat' dir='ltr'>acuminata,</span> <span class='ocrx_word' id='word_1_90' title='bbox 839 1593 961 1669; x_wconf 89' lang='lat' dir='ltr'>qualem</span> <span class='ocrx_word' id='word_1_91' title='bbox 983 1613 1009 1652; x_wconf 91' lang='lat' dir='ltr'>e.</span> <span class='ocrx_word' id='word_1_92' title='bbox 1031 1611 1061 1667; x_wconf 90' lang='lat' dir='ltr'>g.</span> <span class='ocrx_word' id='word_1_93' title='bbox 1084 1591 1226 1668; x_wconf 87' lang='lat' dir='ltr'>Orpheus</span> <span class='ocrx_word' id='word_1_94' title='bbox 1252 1593 1346 1653; x_wconf 87' lang='lat' dir='ltr'>habet</span> 
     </span>
     <span class='ocr_line' id='line_1_13' title="bbox 200 1693 1344 1770; baseline 0 -18"><span class='ocrx_word' id='word_1_95' title='bbox 200 1695 231 1752; x_wconf 92' lang='lat' dir='ltr'>in</span> <span class='ocrx_word' id='word_1_96' title='bbox 262 1695 421 1753; x_wconf 88' lang='lat' dir='ltr'>notissimo</span> <span class='ocrx_word' id='word_1_97' title='bbox 450 1693 624 1770; x_wconf 88' lang='lat' dir='ltr'>anaglypho</span> <span class='ocrx_word' id='word_1_98' title='bbox 654 1695 787 1763; x_wconf 84' lang='lat' dir='ltr'>Albano,</span> <span class='ocrx_word' id='word_1_99' title='bbox 822 1695 878 1752; x_wconf 90' lang='lat' dir='ltr'>sed</span> <span class='ocrx_word' id='word_1_100' title='bbox 912 1695 966 1752; x_wconf 94' lang='lat' dir='ltr'>alis</span> <span class='ocrx_word' id='word_1_101' title='bbox 1003 1695 1152 1770; x_wconf 90' lang='lat' dir='ltr'>praedita.</span> <span class='ocrx_word' id='word_1_102' title='bbox 1196 1694 1344 1754; x_wconf 89' lang='lat' dir='ltr'>Eiusdem</span> 
     </span>
     <span class='ocr_line' id='line_1_14' title="bbox 201 1794 1346 1871; baseline 0.002 -19"><span class='ocrx_word' id='word_1_103' title='bbox 201 1795 264 1853; x_wconf 87' lang='lat' dir='ltr'>fere</span> <span class='ocrx_word' id='word_1_104' title='bbox 297 1795 417 1870; x_wconf 88' lang='lat' dir='ltr'>generis</span> <span class='ocrx_word' id='word_1_105' title='bbox 447 1794 540 1854; x_wconf 86' lang='lat' dir='ltr'>luisse</span> <span class='ocrx_word' id='word_1_106' title='bbox 568 1795 690 1852; x_wconf 90' lang='lat' dir='ltr'>videtur</span> <span class='ocrx_word' id='word_1_107' title='bbox 717 1796 806 1869; x_wconf 86' lang='lat' dir='ltr'>galea</span> <span class='ocrx_word' id='word_1_108' title='bbox 835 1812 926 1870; x_wconf 90' lang='lat' dir='ltr'>quam</span> <span class='ocrx_word' id='word_1_109' title='bbox 957 1794 1025 1852; x_wconf 90' lang='lat' dir='ltr'>tulit</span> <span class='ocrx_word' id='word_1_110' title='bbox 1053 1796 1186 1871; x_wconf 91' lang='lat' dir='ltr'>capitum</span> <span class='ocrx_word' id='word_1_111' title='bbox 1215 1814 1346 1854; x_wconf 90' lang='lat' dir='ltr'>marmo-</span> 
     </span>
     <span class='ocr_line' id='line_1_15' title="bbox 199 1895 1345 1972; baseline 0.003 -20"><span class='ocrx_word' id='word_1_112' title='bbox 199 1913 319 1954; x_wconf 89' lang='lat' dir='ltr'>reorum</span> <span class='ocrx_word' id='word_1_113' title='bbox 342 1895 364 1952; x_wconf 94' lang='lat' dir='ltr'>P</span> <span class='ocrx_word' id='word_1_114' title='bbox 387 1897 416 1972; x_wconf 86' lang='lat'>5,</span> <span class='ocrx_word' id='word_1_115' title='bbox 440 1898 457 1955; x_wconf 88' lang='grc'><strong>6</strong></span> <span class='ocrx_word' id='word_1_116' title='bbox 480 1896 646 1971; x_wconf 85' lang='lat' dir='ltr'>exemplar;</span> <span class='ocrx_word' id='word_1_117' title='bbox 680 1895 816 1953; x_wconf 84' lang='lat' dir='ltr'>foramen</span> <span class='ocrx_word' id='word_1_118' title='bbox 841 1895 920 1954; x_wconf 90' lang='lat' dir='ltr'>enim</span> <span class='ocrx_word' id='word_1_119' title='bbox 952 1897 1037 1972; x_wconf 89' lang='lat' dir='ltr'>quod</span> <span class='ocrx_word' id='word_1_120' title='bbox 1062 1897 1093 1953; x_wconf 91' lang='lat' dir='ltr'>in</span> <span class='ocrx_word' id='word_1_121' title='bbox 1115 1896 1271 1971; x_wconf 90' lang='lat' dir='ltr'>utriusque</span> <span class='ocrx_word' id='word_1_122' title='bbox 1294 1915 1345 1956; x_wconf 93' lang='lat' dir='ltr'>ca·</span> 
     </span>
     <span class='ocr_line' id='line_1_16' title="bbox 200 1997 1344 2074; baseline 0.001 -20"><span class='ocrx_word' id='word_1_123' title='bbox 200 1997 271 2074; x_wconf 91' lang='lat' dir='ltr'>pitis</span> <span class='ocrx_word' id='word_1_124' title='bbox 294 2005 381 2073; x_wconf 86' lang='lat' dir='ltr'>parte</span> <span class='ocrx_word' id='word_1_125' title='bbox 395 1998 499 2057; x_wconf 91' lang='lat' dir='ltr'>media</span> <span class='ocrx_word' id='word_1_126' title='bbox 514 2005 571 2069; x_wconf 85' lang='lat' dir='ltr'>est,</span> <span class='ocrx_word' id='word_1_127' title='bbox 593 1998 636 2054; x_wconf 91' lang='lat' dir='ltr'>ad</span> <span class='ocrx_word' id='word_1_128' title='bbox 658 1997 872 2073; x_wconf 86' lang='lat' dir='ltr'>excipiendum</span> <span class='ocrx_word' id='word_1_129' title='bbox 894 2015 1023 2056; x_wconf 88' lang='lat' dir='ltr'>acumen</span> <span class='ocrx_word' id='word_1_130' title='bbox 1044 1999 1118 2055; x_wconf 92' lang='lat' dir='ltr'>illud</span> <span class='ocrx_word' id='word_1_131' title='bbox 1140 1999 1261 2055; x_wconf 85' lang='lat' dir='ltr'>videtur</span> <span class='ocrx_word' id='word_1_132' title='bbox 1282 1997 1344 2055; x_wconf 81' lang='lat' dir='ltr'>lac-</span> 
     </span>
     <span class='ocr_line' id='line_1_17' title="bbox 199 2097 1342 2174; baseline 0.002 -18"><span class='ocrx_word' id='word_1_133' title='bbox 199 2109 265 2158; x_wconf 89' lang='lat' dir='ltr'>tum</span> <span class='ocrx_word' id='word_1_134' title='bbox 295 2116 373 2159; x_wconf 90' lang='lat' dir='ltr'>esse.</span> <span class='ocrx_word' id='word_1_135' title='bbox 427 2097 591 2156; x_wconf 89' lang='lat' dir='ltr'>Praeterea</span> <span class='ocrx_word' id='word_1_136' title='bbox 622 2099 653 2155; x_wconf 91' lang='lat' dir='ltr'>in</span> <span class='ocrx_word' id='word_1_137' title='bbox 684 2098 830 2174; x_wconf 87' lang='lat' dir='ltr'>capitibus</span> <span class='ocrx_word' id='word_1_138' title='bbox 863 2099 919 2156; x_wconf 89' lang='lat' dir='ltr'>illis</span> <span class='ocrx_word' id='word_1_139' title='bbox 951 2111 1159 2173; x_wconf 87' lang='lat' dir='ltr'>agnoscuntur</span> <span class='ocrx_word' id='word_1_140' title='bbox 1194 2117 1342 2174; x_wconf 86' lang='lat' dir='ltr'>squamae</span> 
     </span>
     <span class='ocr_line' id='line_1_18' title="bbox 200 2199 1343 2276; baseline 0.003 -19"><span class='ocrx_word' id='word_1_141' title='bbox 200 2200 310 2275; x_wconf 89' lang='lat' dir='ltr'>quibus</span> <span class='ocrx_word' id='word_1_142' title='bbox 332 2200 452 2274; x_wconf 87' lang='lat' dir='ltr'>galeam</span> <span class='ocrx_word' id='word_1_143' title='bbox 476 2199 568 2258; x_wconf 83' lang='lat' dir='ltr'>fuisse</span> <span class='ocrx_word' id='word_1_144' title='bbox 591 2216 719 2258; x_wconf 88' lang='lat' dir='ltr'>aeneam</span> <span class='ocrx_word' id='word_1_145' title='bbox 739 2200 896 2260; x_wconf 89' lang='lat' dir='ltr'>indicatur.</span> <span class='ocrx_word' id='word_1_146' title='bbox 940 2199 1020 2257; x_wconf 90' lang='lat' dir='ltr'>Ditis</span> <span class='ocrx_word' id='word_1_147' title='bbox 1036 2208 1140 2258; x_wconf 91' lang='lat' dir='ltr'>autem</span> <span class='ocrx_word' id='word_1_148' title='bbox 1154 2201 1244 2276; x_wconf 90' lang='lat' dir='ltr'>galea</span> <span class='ocrx_word' id='word_1_149' title='bbox 1260 2199 1343 2260; x_wconf 82' lang='lat' dir='ltr'>lacta</span> 
     </span>
     <span class='ocr_line' id='line_1_19' title="bbox 199 2296 1233 2377; baseline 0.003 -21"><span class='ocrx_word' id='word_1_150' title='bbox 199 2309 248 2359; x_wconf 88' lang='lat' dir='ltr'>est</span> <span class='ocrx_word' id='word_1_151' title='bbox 268 2319 287 2358; x_wconf 91' lang='lat' dir='ltr'>a</span> <span class='ocrx_word' id='word_1_152' title='bbox 308 2299 488 2377; x_wconf 90' lang='lat' dir='ltr'>Cyclopibus</span> <span class='ocrx_word' id='word_1_153' title='bbox 500 2296 521 2360; x_wconf 82' lang='lat'>4.</span> <span class='ocrx_word' id='word_1_154' title='bbox 1231 2309 1233 2313; x_wconf 81' lang='grc'>’</span> 
     </span>
    </p>

    <p class='ocr_par' dir='ltr' id='par_1_5' title="bbox 196 2401 1342 2984">
     <span class='ocr_line' id='line_1_20' title="bbox 298 2401 1341 2479; baseline 0.002 -20"><span class='ocrx_word' id='word_1_155' title='bbox 298 2401 460 2460; x_wconf 88' lang='lat' dir='ltr'>Thraciam</span> <span class='ocrx_word' id='word_1_156' title='bbox 481 2402 611 2476; x_wconf 87' lang='lat' dir='ltr'>galeam,</span> <span class='ocrx_word' id='word_1_157' title='bbox 635 2402 757 2460; x_wconf 85' lang='lat' dir='ltr'>alterius</span> <span class='ocrx_word' id='word_1_158' title='bbox 780 2419 902 2479; x_wconf 87' lang='lat' dir='ltr'>quoque</span> <span class='ocrx_word' id='word_1_159' title='bbox 924 2403 1038 2460; x_wconf 91' lang='lat' dir='ltr'>nummi</span> <span class='ocrx_word' id='word_1_160' title='bbox 1062 2404 1195 2479; x_wconf 89' lang='lat' dir='ltr'>cyziceni</span> <span class='ocrx_word' id='word_1_161' title='bbox 1212 2402 1341 2462; x_wconf 88' lang='lat' dir='ltr'>Perseus</span> 
     </span>
     <span class='ocr_line' id='line_1_21' title="bbox 200 2503 1340 2582; baseline 0.003 -21"><span class='ocrx_word' id='word_1_162' title='bbox 200 2510 321 2579; x_wconf 87' lang='lat' dir='ltr'>portare</span> <span class='ocrx_word' id='word_1_163' title='bbox 354 2503 481 2576; x_wconf 88' lang='lat' dir='ltr'>videtur,</span> <span class='ocrx_word' id='word_1_164' title='bbox 516 2520 701 2582; x_wconf 83' lang='lat' dir='ltr'>quamquam</span> <span class='ocrx_word' id='word_1_165' title='bbox 733 2505 775 2560; x_wconf 92' lang='lat' dir='ltr'>ibi</span> <span class='ocrx_word' id='word_1_166' title='bbox 806 2517 935 2562; x_wconf 89' lang='lat' dir='ltr'>acumen</span> <span class='ocrx_word' id='word_1_167' title='bbox 965 2521 1029 2562; x_wconf 90' lang='lat' dir='ltr'>non</span> <span class='ocrx_word' id='word_1_168' title='bbox 1061 2505 1243 2579; x_wconf 85' lang='lat' dir='ltr'>agnoscitur.</span> <span class='ocrx_word' id='word_1_169' title='bbox 1292 2505 1340 2564; x_wconf 93' lang='lat' dir='ltr'>Eo</span> 
     </span>
     <span class='ocr_line' id='line_1_22' title="bbox 201 2605 1342 2682; baseline 0.003 -20"><span class='ocrx_word' id='word_1_170' title='bbox 201 2605 372 2663; x_wconf 89' lang='lat' dir='ltr'>accuratius</span> <span class='ocrx_word' id='word_1_171' title='bbox 387 2605 457 2663; x_wconf 91' lang='lat' dir='ltr'>ficta</span> <span class='ocrx_word' id='word_1_172' title='bbox 471 2611 519 2662; x_wconf 91' lang='lat' dir='ltr'>est</span> <span class='ocrx_word' id='word_1_173' title='bbox 536 2605 645 2663; x_wconf 89' lang='lat' dir='ltr'>lacinia</span> <span class='ocrx_word' id='word_1_174' title='bbox 667 2621 684 2661; x_wconf 94' lang='lat' dir='ltr'>e</span> <span class='ocrx_word' id='word_1_175' title='bbox 707 2605 876 2681; x_wconf 87' lang='lat' dir='ltr'>posteriore</span> <span class='ocrx_word' id='word_1_176' title='bbox 902 2613 986 2681; x_wconf 88' lang='lat' dir='ltr'>parte</span> <span class='ocrx_word' id='word_1_177' title='bbox 1008 2607 1149 2682; x_wconf 90' lang='lat' dir='ltr'>pendens</span> <span class='ocrx_word' id='word_1_178' title='bbox 1165 2623 1244 2681; x_wconf 90' lang='lat' dir='ltr'>quae</span> <span class='ocrx_word' id='word_1_179' title='bbox 1259 2609 1342 2682; x_wconf 92' lang='lat' dir='ltr'>apud</span> 
     </span>
     <span class='ocr_line' id='line_1_23' title="bbox 196 2705 1340 2782; baseline 0.003 -19"><span class='ocrx_word' id='word_1_180' title='bbox 196 2706 330 2765; x_wconf 90' lang='lat' dir='ltr'>Thraces</span> <span class='ocrx_word' id='word_1_181' title='bbox 352 2707 435 2782; x_wconf 91' lang='lat' dir='ltr'>ipsos</span> <span class='ocrx_word' id='word_1_182' title='bbox 458 2705 534 2766; x_wconf 90' lang='lat' dir='ltr'>solet</span> <span class='ocrx_word' id='word_1_183' title='bbox 560 2723 630 2764; x_wconf 89' lang='lat' dir='ltr'>esse</span> <span class='ocrx_word' id='word_1_184' title='bbox 655 2708 755 2764; x_wconf 84' lang='lat' dir='ltr'>cauda</span> <span class='ocrx_word' id='word_1_185' title='bbox 781 2707 886 2782; x_wconf 90' lang='lat' dir='ltr'>vulpis.</span> <span class='ocrx_word' id='word_1_186' title='bbox 932 2705 1059 2765; x_wconf 89' lang='lat' dir='ltr'>Galeam</span> <span class='ocrx_word' id='word_1_187' title='bbox 1086 2707 1168 2765; x_wconf 92' lang='lat' dir='ltr'>illam</span> <span class='ocrx_word' id='word_1_188' title='bbox 1194 2707 1340 2768; x_wconf 87' lang='lat' dir='ltr'>thraciam</span> 
     </span>
     <span class='ocr_line' id='line_1_24' title="bbox 197 2807 1340 2884; baseline 0.002 -20"><span class='ocrx_word' id='word_1_189' title='bbox 197 2824 215 2864; x_wconf 91' lang='lat' dir='ltr'>a</span> <span class='ocrx_word' id='word_1_190' title='bbox 243 2807 339 2882; x_wconf 90' lang='lat' dir='ltr'>quinti</span> <span class='ocrx_word' id='word_1_191' title='bbox 374 2807 487 2865; x_wconf 88' lang='lat' dir='ltr'>saeculi</span> <span class='ocrx_word' id='word_1_192' title='bbox 510 2807 748 2865; x_wconf 88' lang='lat' dir='ltr'>Atheniensibus</span> <span class='ocrx_word' id='word_1_193' title='bbox 778 2825 872 2884; x_wconf 90' lang='lat' dir='ltr'>saepe</span> <span class='ocrx_word' id='word_1_194' title='bbox 902 2815 1053 2884; x_wconf 88' lang='lat' dir='ltr'>portatam</span> <span class='ocrx_word' id='word_1_195' title='bbox 1085 2826 1155 2866; x_wconf 91' lang='lat' dir='ltr'>esse</span> <span class='ocrx_word' id='word_1_196' title='bbox 1188 2817 1340 2868; x_wconf 87' lang='lat' dir='ltr'>testantur</span> 
     </span>
     <span class='ocr_line' id='line_1_25' title="bbox 199 2905 959 2984; baseline 0.005 -20"><span class='ocrx_word' id='word_1_197' title='bbox 199 2927 224 2968; x_wconf 89' lang='lat' dir='ltr'>e.</span> <span class='ocrx_word' id='word_1_198' title='bbox 247 2928 274 2984; x_wconf 89' lang='lat' dir='ltr'>g.</span> <span class='ocrx_word' id='word_1_199' title='bbox 298 2908 417 2983; x_wconf 89' lang='lat' dir='ltr'>equites</span> <span class='ocrx_word' id='word_1_200' title='bbox 440 2908 471 2964; x_wconf 93' lang='lat' dir='ltr'>in</span> <span class='ocrx_word' id='word_1_201' title='bbox 493 2906 695 2966; x_wconf 88' lang='lat' dir='ltr'>Parthenonis</span> <span class='ocrx_word' id='word_1_202' title='bbox 718 2908 793 2966; x_wconf 90' lang='lat' dir='ltr'>cella</span> <span class='ocrx_word' id='word_1_203' title='bbox 815 2909 925 2984; x_wconf 92' lang='lat' dir='ltr'>sculpti</span> <span class='ocrx_word' id='word_1_204' title='bbox 937 2905 959 2968; x_wconf 79' lang='lat'>⁵.</span> 
     </span>
    </p>

    <p class='ocr_par' dir='ltr' id='par_1_6' title="bbox 195 3008 1339 3590">
     <span class='ocr_line' id='line_1_26' title="bbox 297 3008 1338 3089; baseline 0.005 -24"><span class='ocrx_word' id='word_1_205' title='bbox 297 3009 356 3065; x_wconf 93' lang='lat' dir='ltr'>Pro</span> <span class='ocrx_word' id='word_1_206' title='bbox 371 3008 512 3066; x_wconf 90' lang='lat' dir='ltr'>acumine</span> <span class='ocrx_word' id='word_1_207' title='bbox 527 3008 578 3067; x_wconf 92' lang='lat' dir='ltr'>illo</span> <span class='ocrx_word' id='word_1_208' title='bbox 594 3018 703 3084; x_wconf 91' lang='lat' dir='ltr'>postea</span> <span class='ocrx_word' id='word_1_209' title='bbox 719 3010 879 3067; x_wconf 91' lang='lat' dir='ltr'>inductum</span> <span class='ocrx_word' id='word_1_210' title='bbox 894 3018 942 3067; x_wconf 92' lang='lat' dir='ltr'>est</span> <span class='ocrx_word' id='word_1_211' title='bbox 963 3009 1083 3084; x_wconf 89' lang='lat' dir='ltr'>aquilae</span> <span class='ocrx_word' id='word_1_212' title='bbox 1100 3021 1200 3086; x_wconf 89' lang='lat' dir='ltr'>caput,</span> <span class='ocrx_word' id='word_1_213' title='bbox 1224 3013 1338 3089; x_wconf 89' lang='lat' dir='ltr'>quippe</span> 
     </span>
     <span class='ocr_line' id='line_1_27' title="bbox 197 3109 1339 3186; baseline 0.004 -20"><span class='ocrx_word' id='word_1_214' title='bbox 197 3111 281 3185; x_wconf 93' lang='lat' dir='ltr'>quod</span> <span class='ocrx_word' id='word_1_215' title='bbox 308 3111 415 3168; x_wconf 91' lang='lat' dir='ltr'>melius</span> <span class='ocrx_word' id='word_1_216' title='bbox 444 3110 608 3186; x_wconf 90' lang='lat' dir='ltr'>quadraret</span> <span class='ocrx_word' id='word_1_217' title='bbox 636 3111 676 3168; x_wconf 90' lang='lat' dir='ltr'>ad</span> <span class='ocrx_word' id='word_1_218' title='bbox 707 3111 779 3170; x_wconf 86' lang='lat' dir='ltr'>alas.</span> <span class='ocrx_word' id='word_1_219' title='bbox 824 3109 949 3168; x_wconf 88' lang='lat' dir='ltr'>Praeter</span> <span class='ocrx_word' id='word_1_220' title='bbox 971 3111 1051 3170; x_wconf 91' lang='lat' dir='ltr'>hanc</span> <span class='ocrx_word' id='word_1_221' title='bbox 1073 3111 1202 3172; x_wconf 87' lang='lat' dir='ltr'>formam</span> <span class='ocrx_word' id='word_1_222' title='bbox 1224 3114 1297 3171; x_wconf 90' lang='lat' dir='ltr'>inde</span> <span class='ocrx_word' id='word_1_223' title='bbox 1320 3133 1339 3170; x_wconf 89' lang='lat' dir='ltr'>a</span> 
     </span>
     <span class='ocr_line' id='line_1_28' title="bbox 196 3211 1338 3288; baseline 0.003 -19"><span class='ocrx_word' id='word_1_224' title='bbox 196 3220 302 3288; x_wconf 90' lang='lat' dir='ltr'>quarto</span> <span class='ocrx_word' id='word_1_225' title='bbox 326 3212 449 3270; x_wconf 90' lang='lat' dir='ltr'>saeculo</span> <span class='ocrx_word' id='word_1_226' title='bbox 472 3212 562 3287; x_wconf 85' lang='lat' dir='ltr'>vulgo</span> <span class='ocrx_word' id='word_1_227' title='bbox 584 3211 744 3270; x_wconf 89' lang='lat' dir='ltr'>adhibetur</span> <span class='ocrx_word' id='word_1_228' title='bbox 765 3212 864 3287; x_wconf 89' lang='lat' dir='ltr'>pileus</span> <span class='ocrx_word' id='word_1_229' title='bbox 884 3213 1028 3288; x_wconf 88' lang='lat' dir='ltr'>phrygius</span> <span class='ocrx_word' id='word_1_230' title='bbox 1051 3215 1148 3272; x_wconf 89' lang='lat' dir='ltr'>alatus</span> <span class='ocrx_word' id='word_1_231' title='bbox 1170 3214 1282 3273; x_wconf 90' lang='lat' dir='ltr'>Perseo</span> <span class='ocrx_word' id='word_1_232' title='bbox 1304 3224 1338 3272; x_wconf 92' lang='lat' dir='ltr'>ut</span> 
     </span>
     <span class='ocr_line' id='line_1_29' title="bbox 198 3311 1338 3390; baseline 0.004 -21"><span class='ocrx_word' id='word_1_233' title='bbox 198 3311 358 3370; x_wconf 88' lang='lat' dir='ltr'>Persarum</span> <span class='ocrx_word' id='word_1_234' title='bbox 379 3320 471 3369; x_wconf 89' lang='lat' dir='ltr'>atavo</span> <span class='ocrx_word' id='word_1_235' title='bbox 493 3312 643 3371; x_wconf 77' lang='lat' dir='ltr'>obtrusus</span> <span class='ocrx_word' id='word_1_236' title='bbox 688 3313 760 3370; x_wconf 87' lang='lat' dir='ltr'>Alas</span> <span class='ocrx_word' id='word_1_237' title='bbox 776 3331 820 3370; x_wconf 50' lang='lat' dir='ltr'>*ex</span> <span class='ocrx_word' id='word_1_238' title='bbox 839 3314 906 3388; x_wconf 88' lang='lat' dir='ltr'>ipso</span> <span class='ocrx_word' id='word_1_239' title='bbox 928 3314 1027 3390; x_wconf 90' lang='lat' dir='ltr'>capite</span> <span class='ocrx_word' id='word_1_240' title='bbox 1049 3323 1157 3373; x_wconf 89' lang='lat' dir='ltr'>enatas</span> <span class='ocrx_word' id='word_1_241' title='bbox 1177 3317 1209 3372; x_wconf 92' lang='lat' dir='ltr'>in</span> <span class='ocrx_word' id='word_1_242' title='bbox 1224 3316 1338 3374; x_wconf 88' lang='lat' dir='ltr'>Perseo</span> 
     </span>
     <span class='ocr_line' id='line_1_30' title="bbox 196 3413 1339 3511; baseline 0.003 -40"><span class='ocrx_word' id='word_1_243' title='bbox 196 3415 323 3489; x_wconf 87' lang='lat' dir='ltr'>antiquo</span> <span class='ocrx_word' id='word_1_244' title='bbox 345 3431 409 3471; x_wconf 91' lang='lat' dir='ltr'>non</span> <span class='ocrx_word' id='word_1_245' title='bbox 422 3413 538 3490; x_wconf 87' lang='lat' dir='ltr'>inveni;</span> <span class='ocrx_word' id='word_1_246' title='bbox 562 3430 622 3486; x_wconf 90' lang='lat' dir='ltr'>qua</span> <span class='ocrx_word' id='word_1_247' title='bbox 637 3431 669 3470; x_wconf 86' lang='lat' dir='ltr'>re</span> <span class='ocrx_word' id='word_1_248' title='bbox 684 3413 778 3471; x_wconf 90' lang='lat' dir='ltr'>nolim</span> <span class='ocrx_word' id='word_1_249' title='bbox 793 3413 957 3488; x_wconf 89' lang='lat' dir='ltr'>capitulum</span> <span class='ocrx_word' id='word_1_250' title='bbox 973 3416 1131 3490; x_wconf 90' lang='lat' dir='ltr'>quoddam</span> <span class='ocrx_word' id='word_1_251' title='bbox 1147 3418 1339 3511; x_wconf 64' lang='lat' dir='ltr'>pyrenaicum</span> 
     </span>
     <span class='ocr_line' id='line_1_31' title="bbox 195 3512 1336 3590; baseline 0.006 -18"><span class='ocrx_word' id='word_1_252' title='bbox 195 3533 264 3573; x_wconf 90' lang='lat' dir='ltr'>cum</span> <span class='ocrx_word' id='word_1_253' title='bbox 287 3515 456 3573; x_wconf 90' lang='lat' dir='ltr'>editoribus</span> <span class='ocrx_word' id='word_1_254' title='bbox 480 3533 524 3574; x_wconf 92' lang='lat' dir='ltr'>vv.</span> <span class='ocrx_word' id='word_1_255' title='bbox 547 3516 602 3574; x_wconf 89' lang='lat' dir='ltr'>dd.</span> <span class='ocrx_word' id='word_1_256' title='bbox 618 3514 745 3572; x_wconf 89' lang='lat' dir='ltr'>Smithio</span> <span class='ocrx_word' id='word_1_257' title='bbox 769 3524 799 3572; x_wconf 89' lang='lat' dir='ltr'>et</span> <span class='ocrx_word' id='word_1_258' title='bbox 814 3512 990 3574; x_wconf 78' lang='lat' dir='ltr'>Porchero⁶</span> <span class='ocrx_word' id='word_1_259' title='bbox 1013 3533 1069 3590; x_wconf 93' lang='lat' dir='ltr'>pro</span> <span class='ocrx_word' id='word_1_260' title='bbox 1085 3515 1198 3576; x_wconf 89' lang='lat' dir='ltr'>Perseo</span> <span class='ocrx_word' id='word_1_261' title='bbox 1214 3517 1336 3579; x_wconf 88' lang='lat' dir='ltr'>habere.</span> 
     </span>
    </p>

    <p class='ocr_par' dir='ltr' id='par_1_7' title="bbox 296 3601 1340 3694">
     <span class='ocr_line' id='line_1_32' title="bbox 296 3601 1340 3694; baseline 0.005 -22"><span class='ocrx_word' id='word_1_262' title='bbox 296 3601 434 3673; x_wconf 87' lang='lat' dir='ltr'>Tertium</span> <span class='ocrx_word' id='word_1_263' title='bbox 457 3616 572 3672; x_wconf 92' lang='lat' dir='ltr'>donum</span> <span class='ocrx_word' id='word_1_264' title='bbox 594 3607 800 3690; x_wconf 91' lang='lat' dir='ltr'>Nympharum</span> <span class='ocrx_word' id='word_1_265' title='bbox 826 3616 990 3676; x_wconf 88' lang='lat' dir='ltr'>cibisis</span> <span class='ocrx_word' id='word_1_266' title='bbox 1014 3626 1069 3686; x_wconf 89' lang='lat' dir='ltr'>est,</span> <span class='ocrx_word' id='word_1_267' title='bbox 1104 3635 1183 3692; x_wconf 91' lang='lat' dir='ltr'>quae</span> <span class='ocrx_word' id='word_1_268' title='bbox 1213 3626 1246 3675; x_wconf 89' lang='lat' dir='ltr'>et</span> <span class='ocrx_word' id='word_1_269' title='bbox 1273 3619 1340 3694; x_wconf 88' lang='lat' dir='ltr'>ipsa</span> 
     </span>
    </p>
   </div>
   <div class='ocr_carea' id='block_1_3' title="bbox 193 3809 1336 4328">
    <p class='ocr_par' dir='ltr' id='par_1_8' title="bbox 193 3809 1336 4328">
     <span class='ocr_line' id='line_1_33' title="bbox 294 3809 1071 3880; baseline 0.009 -18"><span class='ocrx_word' id='word_1_270' title='bbox 294 3809 305 3847; x_wconf 87' lang='lat'>¹</span> <span class='ocrx_word' id='word_1_271' title='bbox 324 3814 364 3865; x_wconf 81' lang='lat' dir='ltr'>cf.</span> <span class='ocrx_word' id='word_1_272' title='bbox 383 3815 478 3880; x_wconf 89' lang='lat' dir='ltr'>Tychii</span> <span class='ocrx_word' id='word_1_273' title='bbox 498 3814 629 3866; x_wconf 84' lang='lat' dir='ltr'>vasculum</span> <span class='ocrx_word' id='word_1_274' title='bbox 647 3815 807 3880; x_wconf 85' lang='lat' dir='ltr'>Vorlegebl.</span> <span class='ocrx_word' id='word_1_275' title='bbox 828 3816 896 3869; x_wconf 84' lang='grc'>1889</span> <span class='ocrx_word' id='word_1_276' title='bbox 915 3817 968 3868; x_wconf 87' lang='lat' dir='ltr'>tab.</span> <span class='ocrx_word' id='word_1_277' title='bbox 987 3819 1028 3868; x_wconf 92' lang='lat' dir='ltr'>VI</span> <span class='ocrx_word' id='word_1_278' title='bbox 1049 3818 1071 3869; x_wconf 91' lang='grc'>1.</span> 
     </span>
     <span class='ocr_line' id='line_1_34' title="bbox 293 3899 1298 3972; baseline 0.009 -20"><span class='ocrx_word' id='word_1_279' title='bbox 293 3899 305 3936; x_wconf 61' lang='grc' dir='ltr'><strong>Β</strong></span> <span class='ocrx_word' id='word_1_280' title='bbox 323 3903 363 3954; x_wconf 84' lang='lat' dir='ltr'>Cf.</span> <span class='ocrx_word' id='word_1_281' title='bbox 383 3902 502 3954; x_wconf 79' lang='lat' dir='ltr'>Gerhard</span> <span class='ocrx_word' id='word_1_282' title='bbox 520 3907 555 3956; x_wconf 91' lang='lat' dir='ltr'>A.</span> <span class='ocrx_word' id='word_1_283' title='bbox 573 3905 607 3956; x_wconf 90' lang='lat' dir='ltr'>V.</span> <span class='ocrx_word' id='word_1_284' title='bbox 627 3904 687 3971; x_wconf 88' lang='lat'>110,</span> <span class='ocrx_word' id='word_1_285' title='bbox 703 3903 731 3970; x_wconf 76' lang='lat'>13</span> <span class='ocrx_word' id='word_1_286' title='bbox 753 3907 938 3972; x_wconf 84' lang='lat' dir='ltr'>Heydemaun‚</span> <span class='ocrx_word' id='word_1_287' title='bbox 956 3907 1060 3958; x_wconf 84' lang='lat' dir='ltr'>Griech.</span> <span class='ocrx_word' id='word_1_288' title='bbox 1079 3908 1195 3960; x_wconf 84' lang='lat' dir='ltr'>Vasenb.</span> <span class='ocrx_word' id='word_1_289' title='bbox 1214 3909 1255 3958; x_wconf 93' lang='lat' dir='ltr'>III</span> <span class='ocrx_word' id='word_1_290' title='bbox 1274 3908 1298 3961; x_wconf 71' lang='lat'>9.</span> 
     </span>
     <span class='ocr_line' id='line_1_35' title="bbox 231 3987 943 4065; baseline 0.008 -24"><span class='ocrx_word' id='word_1_291' title='bbox 231 4060 234 4065; x_wconf 26' lang='grc' dir='ltr'>Ι</span> <span class='ocrx_word' id='word_1_292' title='bbox 293 3987 305 4025; x_wconf 83' lang='lat'>³</span> <span class='ocrx_word' id='word_1_293' title='bbox 323 3993 393 4057; x_wconf 86' lang='lat' dir='ltr'>Hyg.</span> <span class='ocrx_word' id='word_1_294' title='bbox 413 3999 483 4058; x_wconf 90' lang='lat' dir='ltr'>poet.</span> <span class='ocrx_word' id='word_1_295' title='bbox 503 4000 562 4042; x_wconf 88' lang='lat' dir='ltr'>astr.</span> <span class='ocrx_word' id='word_1_296' title='bbox 582 3994 608 4042; x_wconf 91' lang='lat' dir='ltr'>H</span> <span class='ocrx_word' id='word_1_297' title='bbox 629 3991 675 4060; x_wconf 77' lang='lat'>123</span> <span class='ocrx_word' id='word_1_298' title='bbox 694 3994 763 4044; x_wconf 92' lang='lat' dir='ltr'>Erat.</span> <span class='ocrx_word' id='word_1_299' title='bbox 785 3993 881 4045; x_wconf 86' lang='lat' dir='ltr'>Catast.</span> <span class='ocrx_word' id='word_1_300' title='bbox 902 3993 943 4047; x_wconf 75' lang='lat'>22.</span> 
     </span>
     <span class='ocr_line' id='line_1_36' title="bbox 292 4077 619 4148; baseline 0.012 -18"><span class='ocrx_word' id='word_1_301' title='bbox 292 4077 619 4148; x_wconf 76' lang='lat' dir='ltr'>4Ap0110d.12‚1,3.</span> 
     </span>
     <span class='ocr_line' id='line_1_37' title="bbox 293 4167 1336 4240; baseline 0.006 -20"><span class='ocrx_word' id='word_1_302' title='bbox 293 4167 364 4221; x_wconf 79' lang='lat' dir='ltr'>⁵cf.</span> <span class='ocrx_word' id='word_1_303' title='bbox 384 4170 535 4231; x_wconf 86' lang='lat' dir='ltr'>Michaelis,</span> <span class='ocrx_word' id='word_1_304' title='bbox 554 4169 711 4240; x_wconf 85' lang='lat' dir='ltr'>Parthenon,</span> <span class='ocrx_word' id='word_1_305' title='bbox 730 4175 783 4226; x_wconf 87' lang='lat' dir='ltr'>tab.</span> <span class='ocrx_word' id='word_1_306' title='bbox 803 4171 828 4239; x_wconf 83' lang='lat'>9,</span> <span class='ocrx_word' id='word_1_307' title='bbox 847 4173 872 4226; x_wconf 89' lang='lat'>8.</span> <span class='ocrx_word' id='word_1_308' title='bbox 893 4172 935 4226; x_wconf 84' lang='lat'>15.</span> <span class='ocrx_word' id='word_1_309' title='bbox 955 4172 1000 4240; x_wconf 77' lang='lat'>193</span> <span class='ocrx_word' id='word_1_310' title='bbox 1028 4174 1069 4240; x_wconf 88' lang='grc'>10,</span> <span class='ocrx_word' id='word_1_311' title='bbox 1088 4173 1113 4226; x_wconf 93' lang='grc'>3.</span> <span class='ocrx_word' id='word_1_312' title='bbox 1133 4174 1158 4227; x_wconf 85' lang='grc'>4.</span> <span class='ocrx_word' id='word_1_313' title='bbox 1178 4175 1221 4227; x_wconf 85' lang='grc'>36.</span> <span class='ocrx_word' id='word_1_314' title='bbox 1258 4176 1336 4226; x_wconf 87' lang='lat' dir='ltr'>Furt-</span> 
     </span>
     <span class='ocr_line' id='line_1_38' title="bbox 193 4258 922 4328; baseline 0.011 -20"><span class='ocrx_word' id='word_1_315' title='bbox 193 4258 333 4324; x_wconf 78' lang='lat' dir='ltr'>waengler,</span> <span class='ocrx_word' id='word_1_316' title='bbox 349 4259 418 4310; x_wconf 88' lang='lat' dir='ltr'>Berl.</span> <span class='ocrx_word' id='word_1_317' title='bbox 438 4260 602 4313; x_wconf 83' lang='lat' dir='ltr'>Winclselm.</span> <span class='ocrx_word' id='word_1_318' title='bbox 621 4263 713 4326; x_wconf 85' lang='lat' dir='ltr'>Progr.</span> <span class='ocrx_word' id='word_1_319' title='bbox 734 4261 805 4316; x_wconf 87' lang='grc'>1890</span> <span class='ocrx_word' id='word_1_320' title='bbox 822 4279 848 4328; x_wconf 88' lang='lat' dir='ltr'>p.</span> <span class='ocrx_word' id='word_1_321' title='bbox 863 4262 922 4316; x_wconf 79' lang='lat'>160.</span> 
     </span>
    </p>
   </div>
   <div class='ocr_carea' id='block_1_4' title="bbox 193 4343 1335 4490">
    <p class='ocr_par' dir='ltr' id='par_1_9' title="bbox 193 4343 1335 4490">
     <span class='ocr_line' id='line_1_39' title="bbox 292 4343 1335 4428; baseline 0.009 -30"><span class='ocrx_word' id='word_1_322' title='bbox 292 4343 405 4398; x_wconf 78' lang='lat' dir='ltr'>⁶Smith</span> <span class='ocrx_word' id='word_1_323' title='bbox 424 4348 475 4397; x_wconf 89' lang='lat' dir='ltr'>and</span> <span class='ocrx_word' id='word_1_324' title='bbox 493 4348 617 4410; x_wconf 88' lang='lat' dir='ltr'>Porcher‚</span> <span class='ocrx_word' id='word_1_325' title='bbox 646 4349 746 4418; x_wconf 86' lang='lat' dir='ltr'>history</span> <span class='ocrx_word' id='word_1_326' title='bbox 769 4352 800 4400; x_wconf 85' lang='lat' dir='ltr'>os</span> <span class='ocrx_word' id='word_1_327' title='bbox 821 4352 864 4402; x_wconf 91' lang='lat' dir='ltr'>the</span> <span class='ocrx_word' id='word_1_328' title='bbox 889 4359 979 4406; x_wconf 89' lang='lat' dir='ltr'>recent</span> <span class='ocrx_word' id='word_1_329' title='bbox 1001 4353 1162 4408; x_wconf 84' lang='lat' dir='ltr'>discoveries</span> <span class='ocrx_word' id='word_1_330' title='bbox 1182 4360 1208 4404; x_wconf 83' lang='lat' dir='ltr'>at</span> <span class='ocrx_word' id='word_1_331' title='bbox 1226 4355 1335 4428; x_wconf 76' lang='lat' dir='ltr'>Cyrene,</span> 
     </span>
     <span class='ocr_line' id='line_1_40' title="bbox 193 4435 310 4490; baseline 0.034 -4"><span class='ocrx_word' id='word_1_332' title='bbox 193 4437 247 4488; x_wconf 87' lang='lat' dir='ltr'>tab.</span> <span class='ocrx_word' id='word_1_333' title='bbox 268 4435 310 4490; x_wconf 79' lang='lat'>75.</span> 
     </span>
    </p>
   </div>
   <div class='ocr_carea' id='block_1_5' title="bbox 0 0 1582 5024">
    <p class='ocr_par' dir='ltr' id='par_1_10' title="bbox 0 0 1582 5024">
     <span class='ocr_line' id='line_1_41' title="bbox 0 0 1582 5024; baseline 0 5"><span class='ocrx_word' id='word_1_334' title='bbox 0 0 1582 5024; x_wconf 95' lang='lat' dir='ltr'> </span> 
     </span>
    </p>
   </div>
  </div>
 </body>
</html>
