3154 5024
797 367 833 426 50

245 546 392 623 amphora
412 545 599 606 corinthiaca
615 548 673 619 Qi
691 547 834 607 Perseum
851 548 988 608 videmus
1010 567 1078 608 cum
1098 558 1236 609 monstro
1260 551 1387 621 marino.

245 649 292 707 cui
313 648 554 708 Andromeda
576 649 754 708 devoranda
775 651 916 726 exposita
939 658 995 723 est,
1023 660 1212 727 pugnantem
1236 653 1387 729 lapidibus

246 750 448 826 coniciendis3
481 749 564 807 unde
593 750 774 825 primitivam
794 752 870 809 illius
893 750 1014 810 tabulae
1036 751 1164 810 formam
1188 771 1244 812 nos
1268 755 1388 814 discere

244 868 336 927 supra
356 851 533 913 monstravi.

343 951 471 1011 Perseus
493 953 781 1029 Polydectem
808 953 938 1028 puniens
964 955 1025 1012 iam
1052 964 1126 1012 ante
1155 955 1262 1014 oculos
1294 954 1387 1012 fuisse

243 1043 364 1113 videtur
386 1054 495 1129 pictori
517 1054 597 1112 vasis
618 1052 646 1110 N
670 1058 698 1122 1,
728 1054 779 1130 qui
809 1062 913 1112 tamen
941 1055 1021 1114 male
1048 1055 1193 1114 intellexit
1223 1074 1286 1114 rem
1309 1056 1387 1114 trac·

242 1153 379 1215 tendam.
424 1153 528 1212 Persei
553 1163 585 1213 et
606 1153 747 1214 Mercurii
774 1155 920 1214 attributa
947 1156 1026 1215 inter
1055 1175 1088 1215 se
1117 1156 1245 1216 confusa
1278 1165 1348 1214 sunt
1362 1151 1385 1224 ¹,

242 1260 335 1318 etiam
357 1275 375 1314 a
399 1255 593 1332 Gorgonibus
616 1254 921 1341 Perseusmutuatus
944 1266 991 1316 est
999 1258 1075 1340 galas
1098 1259 1257 1317 umerales.
1292 1257 1385 1332 Apud

244 1369 361 1419 ceteros
388 1357 519 1416 artifices
533 1374 661 1432 graecos
678 1357 805 1433 Perseus
826 1358 879 1415 tali
893 1360 988 1418 modo
1012 1359 1111 1418 alatus
1132 1377 1195 1418 non
1215 1360 1383 1428 invenitu13
1448 1397 1452 1408 ·

241 1461 298 1519 soli
319 1460 438 1519 Etrusci
460 1460 575 1518 alarum
596 1458 715 1534 prodigi
732 1476 801 1516 eum
824 1457 932 1518 talibus
957 1459 1012 1517 alis
1034 1460 1238 1518 instruxerunt
1260 1460 1292 1517 in
1314 1478 1383 1535 spe·

242 1562 312 1620 culo
335 1563 363 1620 K
387 1563 435 1622 26.

342 1665 483 1722 Exeunte
515 1663 668 1738 nigrarum
697 1662 859 1737 figurarum
888 1670 954 1719 arte
982 1670 1081 1720 ortum
1104 1672 1150 1722 est
1173 1681 1226 1721 vas
1248 1663 1386 1722 animad-

242 1767 382 1824 versione
404 1765 529 1839 dignum
552 1763 581 1821 N
603 1766 631 1832 2,
654 1761 738 1820 cuius
760 1761 833 1818 nihil
857 1761 914 1822 nisi
929 1761 1131 1838 fragmentum
1148 1773 1301 1822 servatum
1316 1781 1385 1822 esse

241 1870 391 1928 dolemus.

341 1969 489 2028 Sextam
512 1966 632 2025 fabulae
654 1983 798 2024 scaenam
819 1964 882 2022 iam
904 1964 1002 2040 figulis
1024 1966 1115 2040 nigris
1138 1966 1237 2042 figuris
1258 1966 1386 2043 pingen-

241 2073 321 2130 tibus
342 2079 448 2129 notam
470 2069 561 2126 luisse
583 2067 790 2125 Kretschmeri
811 2066 965 2142 sagacitas
987 2085 1084 2144 nuper
1105 2085 1162 2126 nos
1184 2069 1299 2137 docuit,
1334 2069 1385 2145 qui

243 2175 274 2231 in
295 2174 412 2250 pictura
435 2170 547 2230 vasculi
569 2186 589 2226 a
609 2167 714 2226 Wittio
735 2168 818 2227 edita
840 2166 901 2227 01
926 2169 1049 2244 agnovit
1071 2167 1216 2227 Perseum
1238 2178 1269 2228 et
1291 2169 1384 2228 Mae·

244 2275 372 2333 nadas.
404 2273 509 2330 Altera
524 2271 659 2328 eiusdem
673 2270 792 2346 generis
814 2270 933 2345 pictura
953 2269 1045 2346 priori
1067 2269 1217 2328 simillima
1238 2272 1385 2347 reperitur

244 2377 275 2434 in
292 2393 361 2434 vase
370 2369 655 2447 WuerzburgensiO
668 2375 696 2450 2,
713 2372 833 2429 tertiam
847 2369 1021 2430 Loeschcke
1037 2371 1110 2429 vidit
1124 2374 1206 2448 apud
1219 2373 1386 2449 principem

245 2580 326 2638 ribus
341 2575 463 2654 mythus
477 2575 528 2633 ille
548 2575 636 2633 fuerit
656 2593 747 2650 quem
764 2605 802 2616 -
818 2586 852 2633 ut
868 2575 1005 2633 omittam
1020 2591 1114 2633 unum
1129 2576 1285 2650 vestigium
1300 2578 1385 2652 apud

243 2672 450 2739 Pausaniam³
470 2684 596 2735 exstans
623 2707 661 2716 -
692 2675 795 2734 infima
817 2677 940 2734 demum
962 2675 1127 2750 antiquitas
1149 2675 1237 2734 nobis
1260 2677 1385 2736 tradidit

244 2782 378 2840 versibus
401 2778 503 2837 Nonui
526 2777 742 2852 Panopolitani
752 2773 774 2836 ⁴.

341 2882 470 2939 Ineunte
496 2879 619 2938 saeculo
649 2877 756 2954 quinto
785 2887 817 2936 et
841 2878 998 2937 rubrarum
1020 2877 1181 2955 figurarum
1203 2885 1269 2935 arte
1291 2877 1388 2954 plane¹

243 2991 444 3042 commutatur
465 2981 567 3040 sabula
587 2980 626 3039 ab
641 2980 804 3039 artificibus
819 2987 956 3038 tractata.
1000 2978 1137 3038 Scaenae
1153 2979 1381 3055 antiquissimae

242 3083 298 3142 arti
320 3083 452 3142 dilectae
475 3081 675 3155 emoriuntur;
703 3082 750 3138 vix
773 3081 833 3139 iam
858 3080 1026 3138 invenimus
1049 3080 1193 3139 Perseum
1215 3079 1384 3155 fugientem

242 3194 294 3244 aut
323 3184 501 3260 Gorgonem
532 3190 740 3258 persecutam;
776 3189 883 3240 contra
915 3191 1074 3257 emergunt
1106 3199 1205 3240 novae
1234 3189 1324 3256 atque
1353 3180 1384 3238 in

241 3284 345 3360 primis
367 3303 424 3343 eae
447 3301 527 3359 quae
550 3285 590 3341 ad
614 3284 746 3341 animum
767 3284 952 3342 movendum
976 3283 1072 3358 magis
1102 3283 1235 3341 idoneae
1257 3281 1385 3339 videan-

241 3395 294 3447 tur.
347 3388 453 3446 Artem
484 3386 603 3460 epicam
637 3395 670 3442 ut
702 3385 745 3443 ita
779 3385 880 3444 dicam
911 3391 1078 3459 sequuntur
1111 3392 1191 3442 artes
1224 3383 1316 3457 lyrica
1352 3391 1384 3440 et

241 3487 392 3548 scaenica.

340 3587 411 3647 Hoc
422 3590 491 3648 loco
503 3588 631 3664 primum
645 3588 775 3645 occurrit
786 3586 934 3646 Danaes
951 3585 1061 3655 fabula,
1078 3585 1163 3644 cuius
1178 3593 1238 3643 tres
1254 3600 1383 3642 scaenas

241 3697 443 3748 tractaverunt
473 3690 545 3747 artis
572 3706 695 3748 severae
729 3705 869 3746 vasorum
901 3687 1047 3762 pictores:
1089 3685 1219 3744 Danaen
1252 3683 1379 3742 imbrem

241 3808 365 3849 aureum
387 3791 599 3868 excipientem,
620 3807 691 3848 arca
712 3789 939 3857 includendam,
966 3790 1007 3846 ad
1029 3787 1145 3863 Seriphi
1167 3803 1252 3845 oram
1274 3785 1381 3862 appul-

239 3909 313 3951 sam.
358 3891 442 3950 Vasa
464 3892 512 3950 illa
538 3891 737 3966 pulcherrima
759 3890 787 3947 Α
811 3893 826 3950 1
861 3885 898 3967 (Β
923 3884 962 3968 1),
996 3890 1019 3948 Β
1044 3892 1071 3958 2,
1102 3887 1127 3945 C
1151 3892 1166 3948 1
1192 3895 1225 3944 et
1255 3896 1321 3946 arte
1350 3893 1381 3942 et

338 4141 348 4180 ¹
367 4147 477 4194 Perseus
498 4143 640 4194 caduceum
660 4143 687 4191 in
706 4140 829 4208 amphora
848 4155 953 4206 quoque
972 4146 1072 4188 etrusca
1091 4139 1119 4188 K
1138 4137 1173 4190 24
1191 4138 1266 4201 gerit.

336 4231 407 4286 flCs.
426 4233 493 4281 inira
510 4249 536 4298 p.
557 4231 599 4283 153.

338 4318 393 4370 ΒΙΙ
412 4321 454 4384 20,
474 4320 498 4372 4.

339 4407 351 4444 ⁴
370 4411 471 4478 Dionys
501 4407 543 4468 lt,
564 4407 615 4460 lut
628 4424 661 4460 ss,
