3154 5024
342 571 469 630 Perseus
491 573 605 630 iuvenis
629 591 698 630 cum
720 573 815 649 harpe
846 582 878 630 et
908 573 997 632 cibisi·
1022 573 1254 650 appropinquat·
1274 574 1387 633 mulieri

246 672 348 730 tunica
369 674 461 750 longa
483 673 620 749 vestitae,
644 673 728 732 cuius
751 692 768 730 e
791 675 872 732 collo
895 683 988 750 caput
1009 675 1109 733 cervi¹
1130 674 1292 750 prominet,
1336 676 1387 736 Ad

248 774 277 831 d.
303 791 452 831 conversa
474 773 587 832 semina
609 783 671 832 stat
703 775 784 834 alata
809 775 912 834 tunica
938 777 1028 852 longa
1055 777 1166 835 vestita
1188 793 1334 834 coronam
1356 785 1388 834 et

245 875 349 932 vittam
370 884 496 949 portans
519 869 682 953 (Victoria)
693 873 714 936 ².

686 1009 810 1083 specula
832 1015 966 1098 etrusca.-

346 1146 393 1204 26.
415 1145 473 1203 Ed.
497 1144 638 1202 Gerhard
660 1145 694 1203 E.
720 1144 770 1219 Sp.
795 1145 863 1204 121.

344 1244 474 1303 Perseus
495 1247 611 1304 iuvenis
634 1245 715 1322 pileo
740 1246 831 1314 alato,
855 1247 957 1304 tunica
989 1247 1080 1321 longa
1112 1249 1237 1306 vestitus
1269 1250 1387 1324 magnis

246 1348 299 1406 alis
323 1348 504 1406 umeralibus
527 1347 684 1423 praeditus
698 1349 741 1404 ad
762 1349 791 1408 d.
817 1347 916 1422 currit,
938 1366 1031 1406 manu
1055 1367 1079 1408 S.
1102 1349 1216 1423 cibisin‚
1234 1351 1263 1409 d.
1280 1351 1387 1409 falcem

247 1457 383 1525 portans,
406 1456 499 1524 caput
520 1449 687 1508 reflectens.

344 1552 395 1609 27.
420 1551 530 1608 Rollini
553 1558 584 1608 et
598 1549 802 1608 Feuardentis
818 1549 1033 1625 Parisinorum,
1055 1552 1105 1610 ed.
1129 1551 1270 1610 Gerhard
1284 1553 1321 1612 E.
1337 1555 1386 1630 Sp.

244 1649 272 1706 V
301 1652 349 1710 68.

342 1753 474 1812 Perseus
492 1747 636 1833 (Pherse)
659 1756 699 1813 ad
723 1755 752 1814 d.
776 1754 850 1831 fugit
873 1773 942 1822 cum
965 1755 1043 1812 falce
1058 1756 1154 1814 hastis
1170 1757 1264 1827 emisi,
1288 1774 1304 1811 e
1328 1773 1387 1832 qua

212 1922 215 1929 1
241 1855 414 1930 prominent
437 1855 544 1914 crines.
591 1856 669 1914 Eum
691 1857 883 1931 persequitur
909 1857 986 1914 deus
1011 1859 1144 1916 marinus
1166 1853 1316 1935 (Purcius)
1339 1859 1387 1915 tri-

244 1956 370 2018 dentem
395 1957 525 2032 vibranS,
562 1959 609 2019 cui
644 1959 776 2016 obviam,
791 1960 929 2034 graditur
951 1959 1087 2016 Minerva
1109 1953 1254 2036 (Menrfa)
1277 1959 1388 2034 aegide

242 2065 385 2130 protenta
414 2058 559 2118 Perseum
595 2060 778 2120 defendens,
822 2059 860 2120 D.
889 2059 997 2117 mulier
1028 2060 1110 2119 alata
1136 2054 1294 2136 (Meanpe)
1317 2067 1388 2134 stat,

243 2159 328 2216 euius
350 2159 429 2218 inter
452 2161 550 2235 pedes
574 2161 667 2236 piscis
691 2169 786 2219 natat.
825 2160 965 2219 Purcium
985 2177 1054 2218 esse
1073 2160 1211 2235 Phorcyn
1233 2160 1385 2218 Medusae

243 2268 362 2336 patrem
383 2259 499 2318 Koerte
523 2262 656 2336 agnovit.
763 2313 766 2317 .

719 2397 906 2475 Anaytypha.

345 2525 394 2583 28.
418 2521 604 2599 Sarcophagi
617 2523 718 2599 Cyprii
739 2524 819 2582 latus
835 2521 927 2584 breve
945 2524 1083 2592 alterum,
1100 2525 1149 2583 ed.
1163 2523 1295 2584 Cesnola
1318 2526 1385 2586 coll.

245 2625 281 2681 os
299 2643 378 2700 cypr.
401 2634 462 2685 ant.
487 2625 547 2684 tab.
573 2625 663 2684 7411.
686 2625 755 2684 478.
783 2636 787 2644 ’

344 2727 373 2785 S.
395 2728 530 2786 Medusa
552 2725 664 2784 vestita
684 2726 787 2783 tunica
809 2727 910 2801 longa,
927 2726 1009 2784 alata
1030 2735 1175 2801 quattuor
1197 2717 1261 2801 alis,
1286 2729 1387 2805 capite

242 2828 359 2903 privata
381 2829 531 2897 concidit;
563 2814 602 2886 eir
631 2828 697 2885 eius
721 2828 800 2886 collo
824 2829 865 2885 ad
888 2845 912 2886 s.
935 2826 1095 2902 Chrysaor,
1128 2830 1168 2886 ad
1198 2831 1230 2888 d.
1251 2828 1387 2904 Pegasus

243 2939 384 3006 surgunt3
406 2940 505 2989 mater
527 2931 623 2988 altera
644 2948 736 2988 manu
751 2927 927 3004 Chrysaoris
950 2929 1107 2987 brachium
1123 2932 1153 2989 d.
1170 2931 1264 2989 altera
1278 2929 1387 3006 Pegasi

244 3033 359 3106 pedem
380 3033 512 3109 priorem
536 3051 558 3091 s.
581 3032 822 3107 comprehendit.
867 3033 920 3090 Ad
953 3034 984 3089 d.
1006 3031 1135 3089 Perseus
1165 3032 1297 3091 discedit
1319 3035 1386 3096 bar-

243 3133 344 3200 batae,
376 3149 468 3190 manu
498 3133 527 3191 d.
552 3123 662 3193 falcem
688 3149 809 3208 gerens,
843 3151 866 3192 s
890 3127 996 3189 cibisin
1018 3150 1035 3188 e
1058 3131 1167 3190 baculo
1198 3135 1386 3208 pendentem

243 3225 382 3308 portans.
425 3234 509 3292 Inter
530 3233 693 3292 Medusam
727 3242 756 3291 et
785 3233 928 3292 Perseum
961 3233 1044 3290 canis
1077 3234 1165 3290 sedet
1197 3236 1290 3293 add.
1314 3245 1386 3293 c'on-

243 3352 357 3393 versus

343 3437 391 3495 29.
415 3435 510 3491 Heroi
541 3433 667 3510 Trysaei
697 3437 774 3492 muri
801 3435 953 3494 orientalis
977 3452 1036 3503 am,
1070 3435 1118 3492 ed.
1142 3434 1303 3491 Benndorf
1330 3437 1385 3492 das

245 3537 376 3593 Heroon
398 3551 457 3592 von
480 3534 790 3610 Gjoelbaschi·Trysa
812 3537 873 3594 tab.
896 3534 974 3592 XIX
997 3537 1025 3602 9,
1049 3534 1087 3592 cs.
1110 3553 1139 3608 p.
1166 3537 1232 3594 175.

241 3659 243 3664 ·
343 3637 446 3694 Homo
470 3638 573 3694 nudus
596 3637 753 3712 chlamyde
777 3639 899 3694 volante
918 3637 1041 3695 brachio
1064 3639 1094 3698 d.
1109 3645 1252 3711 protento
1268 3639 1385 3714 magnis

244 3739 389 3814 gradibus
410 3739 451 3794 ad
474 3755 496 3797 s.
520 3738 624 3810 currit;
653 3756 744 3796 manu
776 3756 799 3798 s.
822 3746 943 3795 retenta
967 3746 1058 3813 caput
1088 3736 1252 3796 humanum
1274 3747 1385 3813 portat.

245 3841 325 3897 Ante
342 3857 410 3896 eum
434 3847 479 3896 est
501 3856 549 3898 res
572 3840 726 3916 quaedam
742 3840 813 3896 coni
830 3839 927 3896 forma
949 3856 1039 3912 quam
1056 3837 1277 3913 praetercurrit.
1314 3837 1386 3894 Post

243 3959 356 4000 conum
378 3942 465 4011 illum,
483 3941 566 3997 canis
588 3941 747 4015 prominet.

344 4078 353 4114 ¹
374 4080 459 4148 Caput
477 4081 613 4146 equinum,
632 4095 731 4130 cornua
750 4087 836 4130 autem
856 4097 923 4146 quae
945 4082 1066 4130 videntur
1082 4082 1233 4145 sauguinem
1248 4081 1385 4145 prosilien-

242 4179 297 4218 tem
317 4185 374 4220 esse
397 4170 508 4219 coniecit
526 4171 662 4218 Hermann
681 4169 796 4219 Perseus
816 4186 840 4219 u.
861 4169 1034 4218 Andromeda
1053 4185 1078 4233 p.
1098 4167 1122 4222 5.
1329 4235 1332 4242 Ι

341 4253 354 4292 2
372 4258 507 4323 Scyphum
531 4257 776 4322 astackelbergio‚
799 4259 844 4311 Gr.
864 4258 890 4307 d.
909 4259 945 4308 H.
965 4257 1000 4310 39
1020 4257 1127 4325 editum,
1156 4259 1183 4308 in
1203 4275 1254 4324 quo
1273 4243 1384 4310 Perseus

244 4364 258 4396 a
277 4348 391 4396 Medusa
410 4361 487 4396 caesa
506 4347 646 4395 discedens
667 4347 829 4409 compositus
850 4354 890 4395 est
907 4362 965 4396 cum
985 4346 1121 4395 Chimaera
1141 4356 1167 4395 et
1185 4348 1286 4413 Hydra,
1309 4348 1385 4398 falsa-

241 4437 304 4485 toris
325 4451 392 4500 opus
413 4451 470 4484 esse
489 4435 617 4498 Stephani
636 4435 734 4500 docuit,
756 4434 980 4499 Compte-Rendu
1002 4435 1067 4487 1881
1088 4451 1113 4498 p.
1133 4435 1176 4488 36.
