3154 5024
414 619 694 732 Sententiae
722 647 1075 728 controversae.

697 837 796 846 -ι-

211 960 233 1021 I.
277 958 475 1036 Empedoclis
496 977 523 1018 v.
547 959 587 1017 55
610 957 660 1015 ed.
683 955 776 1016 Stein.
798 957 882 1030 Iege:

275 1057 356 1122 ἀλλὰ
379 1059 491 1136 κακοῖς
514 1057 571 1134 μὲν
594 1053 695 1133 κάρτα
718 1054 825 1131 μέλει
847 1052 1037 1131 κρατέουσιν
1059 1050 1203 1116 ἀπιστεῖν

279 1159 366 1236 μέλει
391 1160 556 1219 Clementis
581 1161 627 1218 AI.
648 1160 700 1234 qui
722 1159 850 1216 servavit
874 1175 992 1216 versum
1013 1157 1087 1216 libri.
1209 1195 1211 1202 ι

196 1281 233 1336 11.
278 1279 349 1340 Plat.
372 1279 453 1337 Men.
476 1298 505 1354 p.
529 1281 567 1337 37
593 1277 620 1334 D
644 1272 713 1337 ἀλλ’
743 1271 806 1351 ἆρα
828 1273 880 1336 καὶ
907 1272 1025 1351 παιδὸς
1053 1271 1072 1348 ἡ
1102 1269 1181 1348 αὐτὴ
1210 1267 1318 1348 ἀρετή,

277 1375 304 1440 ὧ
337 1376 462 1448 Μένων,
497 1377 549 1439 καὶ
581 1375 699 1440 δούλου
731 1375 840 1454 άρχειν
867 1373 996 1439 οἷόντε
1030 1371 1111 1438 εἶναι
1143 1374 1220 1436 τοῦ
1252 1377 1318 1436 δε-

278 1491 334 1541 σπ
347 1476 396 1540 άτ
409 1498 427 1540 ο
440 1500 472 1554 υ,
496 1478 547 1540 καὶ
569 1481 658 1542 δοκεῖ
679 1492 733 1541 σοι
756 1477 802 1540 ἔτι
824 1477 864 1540 άν
884 1479 1003 1554 δοῦλος
1026 1473 1106 1539 εἶναι
1128 1473 1147 1538 ὁ
1170 1471 1292 1552 ἄρχων

329 1584 463 1640 delenda
485 1591 556 1640 sunt
578 1583 669 1640 verba
690 1582 748 1643 τοῦ
772 1575 945 1642 δεσπότου.

30 1679 63 1774 ,ζ
180 1701 231 1761 111.
277 1719 304 1759 a.
326 1702 404 1758 Aen.
428 1701 515 1759 Tace.
539 1700 633 1759 κιαι
657 1701 694 1757 13
716 1701 799 1774 rego:

22 1784 32 1792 ”
52 1781 63 1789 ’
278 1797 315 1862 Οἱ
331 1798 367 1861 δέ
382 1818 465 1874 τινες
479 1798 577 1862 τοῦτό
602 1797 654 1876 (sc.
670 1798 707 1861 τὸ
723 1797 832 1876 λίθους
856 1796 984 1876 βάλλειν
1006 1795 1058 1858 καὶ
1079 1793 1216 1876 ἐρωτᾶν)
1238 1809 1321 1873 φασι

282 1899 440 1978 βλαβεράν
467 1897 562 1963 εἶναι·
590 1899 667 1978 τοὺς
694 1899 756 1976 γάρ
782 1897 979 1977 προσιόντας
1005 1902 1070 1962 τῶν
1097 1897 1259 1975 πολεμίων
1286 1895 1320 1961 ἐν

278 2006 323 2084 τῷ
345 2000 453 2064 σκότει
475 1998 751 2078 προαισθάνεσθαι
778 1997 817 2063 οὗ
847 1998 1060 2077 προσιτητὲον
1082 1999 1321 2078 (προσπηγαιον

282 2117 326 2198 Μ,
349 2139 424 2182 corr.
446 2117 564 2196 Haupt)
586 2117 684 2182 ἐστίν.

329 2236 368 2300 οὐ
390 2236 431 2314 Μ,
456 2236 567 2301 ὅτιού
589 2240 704 2317 Haupt.

278 2343 308 2402 b.
330 2341 369 2400 ib.
391 2341 514 2400 XXXII
539 2344 551 2399 l

279 2437 344 2518 ἅμα
376 2437 473 2520 (ἄλλα
500 2438 542 2519 Μ,
572 2461 645 2500 corr.
675 2439 829 2516 MeIneke)
864 2440 900 2502 δὲ
933 2439 985 2502 καὶ
1015 2437 1229 2515 ὑποθυμιάν
1260 2458 1322 2501 κα-

280 2541 375 2605 πνὸν
409 2541 530 2604 πολὺν
565 2539 759 2620 ὑφάπτειν
795 2539 842 2619 ὡς
878 2540 1029 2618 μέγιστον
1066 2544 1129 2619 πῦρ
1165 2545 1322 2608 ποιοῦντα

283 2646 409 2703 alterurn
431 2647 555 2703 verbum
577 2646 735 2703 abundare
758 2663 827 2702 cum
850 2646 1054 2722 perspexisset
1069 2645 1188 2721 Hugius
1207 2665 1323 2724 expun-

226 2793 228 2802 ι
282 2747 325 2804 xit
347 2742 525 2822 ὑποθομιάν
548 2743 672 2807 καπνὸν
694 2743 808 2806 πολὺν;
831 2746 967 2805 delenda
990 2756 1061 2804 sunt
1082 2747 1183 2822 potius
1200 2745 1323 2808 καπνὸν

271 2843 383 2908 Ιπολὺν
406 2843 572 2924 ὑφάπτειν.

232 3011 238 3024 .
283 2985 310 3028 a.
333 2965 431 3026 Plaut.
454 2967 535 3052 Pers
558 2969 617 3026 759

222 3095 224 3102 ⁴
331 3067 501 3126 Statuite
521 3067 571 3125 hic
593 3067 729 3144 lectuios,
754 3068 858 3142 ponite
879 3068 928 3124 hic
951 3084 1030 3142 quae
1055 3068 1208 3143 adsplent,

281 3186 474 3244 scribendum
497 3195 556 3246 est:
579 3186 716 3246 Sternite.

281 3304 308 3362 b.
332 3304 372 3362 ib.
397 3305 456 3363 773

382 3405 467 3464 Bene
496 3406 568 3464 mibi
596 3406 675 3464 bene
698 3403 784 3464 vebrs
810 3400 888 3465 bene
910 3424 998 3465 meae
1021 3401 1153 3464 amicae!
1191 3404 1323 3482 Optetus

383 3505 432 3565 hic
451 3507 523 3565 mihi
545 3508 613 3565 dies
636 3508 725 3565 datus
748 3506 841 3565 hodie
863 3516 911 3566 est
933 3509 982 3566 ab
1004 3507 1072 3566 dis

283 3608 374 3666 deleo
395 3601 450 3666 ‘ab
473 3603 535 3692 (λα’
557 3609 656 3668 verba.

234 3772 241 3786 .
286 3725 439 3802 Calpurnii
460 3746 506 3785 vv.
528 3726 541 3782 I
564 3728 685 3786 13-15
716 3728 873 3801 quomodo
901 3726 1074 3802 explicandi
1099 3727 1159 3785 sint
1180 3729 1326 3786 docemur

283 3829 415 3886 carmine
438 3824 569 3903 Priapeo
592 3828 676 3888 XIV.
864 3829 865 3832 ’

203 3946 240 4006 '.
285 3965 312 4007 a.
336 3941 566 4007 στυλοπινάκια
590 3942 848 4024 (Anth.Pa1.111)
873 3949 1012 4007 videntur
1033 3965 1101 4006 esse
1120 3948 1326 4004 columnarum

284 4049 468 4105 caelatarum
490 4048 670 4124 anaglypha.

283 4149 311 4206 b.
336 4148 498 4224 Templum
510 4149 702 4223 Apollonidis
715 4149 898 4227 Cszcenum
910 4151 965 4208 fuit
981 4146 1171 4225 περίπτερος
1184 4149 1327 4208 IV><VII

283 4251 490 4308 columnarum
512 4269 615 4308 versus
631 4252 787 4309 meridiem
803 4253 944 4311 directus
990 4251 1138 4309 Columne
1154 4251 1228 4309 XIX
1244 4251 1327 4308 vide·

284 4360 332 4410 tur
347 4359 454 4427 postea
472 4352 579 4409 addita
592 4369 674 4426 esse3
698 4362 778 4410 certe
797 4371 860 4411 non
876 4354 1019 4428 perIpteri
1036 4361 1153 4426 partem
1166 4353 1326 4416 efficiebat.
