3154 5024
853 299 887 353 60

1561 409 1562 456 l

395 473 444 532 De
472 475 659 535 Parrhasii
688 475 802 535 Perseo
829 477 959 536 Hercule
990 478 1147 554 Meleagro
1180 480 1210 537 in
1243 498 1304 538 una
1337 479 1467 538 tabula
1561 463 1562 538 l

296 575 385 652 pictis
408 571 446 655 (P
459 573 493 652 b)
517 578 590 636 nihil
606 579 686 662 'certi
709 580 833 648 scimus;
856 597 957 654 neque
979 579 1050 637 mibi
1073 578 1195 656 quidem
1215 581 1368 656 persuasit
1381 581 1464 638 Ro·
1561 549 1562 596 ¹

296 673 390 735 bert1
411 686 475 737 tres
497 679 607 738 heroas
629 681 660 738 iu
682 679 784 738 inferis
807 681 1006 739 interlocutos
1022 699 1099 740 esse.
1143 681 1173 739 Si
1195 682 1239 739 ita
1261 698 1310 738 res
1331 699 1366 738 se
1392 681 1463 738 ha·
1561 703 1562 716 ¹

298 780 387 837 beret
408 798 471 838 non
493 790 569 857 puto
595 783 676 840 adeo
698 799 873 858 pressurum
895 781 989 840 fuisse
1005 780 1134 840 Plinium
1154 771 1264 840 ‘unam
1285 768 1462 842 tabulam'.
1561 853 1562 864 χ

294 881 400 941 Malim
428 883 564 958 cogitare
594 884 633 941 de
659 883 765 941 tabula
794 883 906 957 votiva,
941 901 1003 958 qua
1032 892 1123 959 poeta
1154 883 1279 958 quidam
1312 883 1461 958 tragicus
1561 921 1562 924 =

247 1037 250 1045 ,
298 984 455 1042 victoriam
478 984 598 1058 trilogia
620 990 739 1059 partam
761 984 966 1042 celebraverit.

402 1083 553 1143 Parrhasii
575 1083 640 1142 iere
662 1085 797 1159 aequalis
814 1084 870 1142 luit
884 1092 991 1142 auctor
1004 1084 1108 1143 Persei
1123 1094 1288 1162 praesente
1304 1085 1459 1150 Minerva

296 1183 459 1245 Medusam
481 1185 678 1263 interfecturi,
701 1204 759 1261 qua
783 1187 823 1242 de
846 1187 1068 1260 compositione
1091 1204 1182 1262 supra
1205 1183 1247 1262 (p.
1260 1184 1315 1263 54)
1338 1195 1454 1246 actum

299 1296 354 1348 est.
397 1287 480 1345 Intra
503 1296 643 1362 quartum
667 1287 820 1345 saeculum
843 1295 909 1345 orta
934 1305 1004 1346 esse
1026 1289 1147 1351 videtur
1168 1288 1294 1366 pictura,
1327 1288 1360 1346 in
1385 1307 1455 1366 qua

298 1387 424 1446 Perseus
446 1387 642 1478 Gorgonibus
672 1389 727 1448 sub
755 1389 862 1446 arbore
891 1390 1111 1448 dormientibus
1140 1389 1318 1465 obrepebat,
1351 1391 1452 1449 nobis

297 1489 420 1547 vasculo
452 1490 554 1547 italico
580 1491 610 1548 K
633 1491 672 1550 23
701 1499 732 1548 et
761 1508 885 1548 nummo
913 1489 1068 1548 Daldiano
1095 1491 1161 1549 H6
1190 1491 1309 1549 tradita.
1354 1493 1452 1549 Aevo

300 1598 402 1649 autem
412 1591 620 1649 Alexandrino
635 1591 856 1650 adscribendos
873 1609 987 1650 censeo
1003 1591 1148 1650 Perseum
1165 1601 1195 1650 et
1208 1592 1449 1650 Andromedam

303 1691 501 1767 Gorgoneum
530 1692 615 1750 fonte
648 1693 792 1750 reflexum
826 1693 1070 1770 contemplantes
1097 1689 1154 1770 (S),
1187 1694 1271 1768 quod
1305 1693 1448 1751 ludicrae

301 1793 372 1851 artis
396 1792 550 1850 inventum
573 1803 635 1851 tam
655 1811 749 1869 saepe
770 1794 976 1869 repetiverunt
997 1795 1130 1868 pictores
1149 1793 1336 1869 Pompeiani.
1376 1795 1447 1852 Eis·

298 1895 370 1952 dem
393 1895 579 1970 temporibus
598 1896 679 1974 vixit,
702 1896 866 1970 siquidem
882 1897 962 1968 vixit,
986 1892 1211 1969 Euanthes2,
1235 1895 1320 1954 cuius
1334 1896 1443 1954 tabula

297 1996 336 2052 ab
358 1995 476 2054 Achille
498 1996 591 2055 Tatio
621 1997 778 2073 descripta
807 1994 850 2070 (Q
864 1990 894 2074 c)
924 1997 1016 2072 plane
1049 1997 1187 2071 congruit
1218 2015 1287 2054 cum
1314 1997 1442 2071 picturis

298 2094 490 2172 Pompeianis
514 2096 544 2169 Q
569 2099 699 2158 13-15.

624 2285 652 2341 4.
697 2284 744 2342 De
764 2285 960 2342 monumentis
982 2283 1112 2342 etruscis.
1214 2276 1217 2278 ’

395 2417 514 2476 Etrusci
529 2416 629 2476 Persei
644 2416 775 2475 fabulam
791 2435 864 2492 prae
880 2418 990 2476 ceteris
1004 2417 1148 2475 dilexisse
1162 2418 1316 2493 videntur3
1340 2419 1436 2492 plera·

297 2538 358 2597 que
380 2520 460 2577 enim
481 2519 601 2577 fabulae
625 2527 789 2593 momenta,
822 2535 901 2593 quae
925 2518 1009 2594 apud
1037 2517 1167 2576 artifices
1196 2536 1325 2594 graecos
1353 2521 1434 2577 inve·

210 2599 211 2606 ἵ
296 2622 429 2689 niuntur,'
463 2621 501 2679 ab
525 2619 579 2678 illis
602 2619 733 2694 repetita
752 2627 833 2700 sunt.
873 2618 1024 2678 Nonnulla
1047 2620 1149 2686 etiam,
1184 2637 1312 2696 quorum
1334 2637 1433 2678 exem·

297 2722 393 2798 plaria
414 2739 524 2797 graeca
546 2739 610 2779 non
631 2722 690 2780 iam
711 2721 835 2790 adsunt,
857 2720 896 2778 ab
919 2721 1056 2778 Etruscis
1078 2721 1150 2778 solis
1174 2721 1328 2780 discimus.
1371 2721 1432 2778 Iam

298 2826 329 2882 in
352 2824 469 2882 Anubis
492 2824 578 2899 quod
598 2832 724 2881 vocatur
742 2822 866 2879 vasculo
891 2817 982 2896 (16),
1015 2823 1045 2878 iu
1067 2838 1128 2895 quo
1151 2822 1303 2880 elementa
1329 2839 1435 2898 graeca

300 2943 367 2984 cum
390 2924 585 2983 orientalibus
608 2925 684 2982 miro
705 2925 800 2981 modo
824 2923 951 2980 confusa
974 2931 1054 2999 sunt,
1082 2922 1212 2981 occurrit
1231 2921 1358 2980 Perseus
1380 2923 1433 2980 Mi·

298 3043 410 3084 uervae
445 3025 554 3084 auxilio
582 3025 746 3083 Medusam
778 3023 992 3082 interfecturus
1026 3024 1143 3081 ratione
1175 3023 1265 3100 plane
1297 3023 1432 3098 singulari

299 3127 396 3185 lictus.
440 3126 542 3184 Persei
565 3145 583 3184 a
605 3126 801 3200 Gorgonibus
825 3126 930 3201 agitati
962 3124 1058 3183 lorma
1087 3125 1296 3200 antiquissima
1324 3133 1434 3182 servata

300 3237 346 3286 est
368 3229 490 3303 tripode
512 3227 604 3286 Kal.
648 3227 685 3282 In
707 3244 769 3284 uno
792 3227 958 3284 scarabaeo
982 3226 1011 3284 G
1031 3228 1167 3284 videmus
1191 3223 1337 3283 Perseum
1358 3243 1434 3283 eum·

300 3348 359 3405 que
387 3328 584 3404 inscriptione
615 3327 827 3402 significatum,
860 3328 913 3402 qui
944 3329 1041 3386 alatas
1069 3329 1209 3404 crepidas
1239 3327 1296 3384 sibi
1326 3327 1431 3400 alligat3

300 3431 393 3488 etiam
416 3430 601 3487 scarabaeus
624 3428 654 3485 H
675 3433 690 3484 5
714 3429 842 3503 praebet
866 3429 1120 3503 compositionem
1143 3426 1276 3502 alioquin
1297 3443 1360 3484 non
1380 3435 1431 3483 tra·

299 3531 403 3589 ditam.

400 3631 597 3707 Speculorum
621 3639 726 3690 nostra
748 3631 878 3688 maxime
900 3631 1028 3688 interest
1044 3629 1072 3686 D
1089 3633 1117 3698 2,
1140 3631 1211 3706 quia
1226 3639 1347 3705 praeter
1360 3629 1430 3706 pyxi-

301 3737 373 3793 dem
394 3732 518 3792 atticam
538 3731 566 3788 D
591 3736 606 3790 1
631 3733 752 3789 unicam
784 3732 920 3789 continet
947 3749 1027 3806 quae
1054 3739 1174 3789 servata
1204 3740 1252 3789 est
1275 3731 1429 3788 Graearum

300 3837 476 3911 imaginem3
511 3851 618 3893 eorum
643 3835 725 3891 enim
749 3840 1017 3891 monumentorum
1040 3850 1120 3908 quae
1144 3831 1349 3890 Gaedechens
1370 3830 1428 3888 olim

302 3931 449 4012 collegit³
476 3932 588 3994 nullum
618 3944 702 3992 certo
737 3935 778 3991 ad
812 3934 929 3991 Graeas
957 3933 1150 3992 referendum
1184 3951 1251 3992 esse
1290 3932 1428 3990 luculente

401 4150 490 4204 ¹Bild
509 4154 563 4204 und
581 4153 649 4203 Lied
667 4170 693 4219 p.
712 4151 755 4206 45.

400 4238 467 4294 ²Cf.
487 4243 584 4308 Brunn,
603 4241 706 4292 Griech.
728 4239 950 4304 Kiinstlergesch.
970 4241 997 4290 II
1019 4237 1082 4293 288.-

400 4328 411 4365 ³
428 4332 469 4381 De
488 4332 586 4391 Grecis,
607 4331 747 4396 Gottingae
767 4329 843 4384 1863.
