3154 5024
759 345 819 438 53v

203 559 434 634 Polydectes
462 562 492 618 in
521 578 626 619 saxum
656 571 791 621 mutatur
827 557 868 641 (N
891 557 940 640 4);
973 565 1063 622 etiam
1094 563 1344 642 Gorgoneum

202 659 293 718 fontis
316 662 473 737 superficie
496 670 529 720 ut
550 663 676 737 speculo
698 663 842 720 reflexum
866 665 975 722 imitari
997 673 1147 723 conantur
1173 662 1218 742 (M
1241 659 1343 742 1-4).

203 759 273 820 Hoc
304 771 443 838 tempore
472 764 580 821 iterum
607 765 638 820 in
659 765 864 822 monumentis
885 767 994 824 nostris
1017 769 1180 842 reperimus
1200 768 1343 826 Andro·

200 865 359 939 medam3
381 871 527 940 quantum
548 874 650 922 autem
673 865 766 924 distat
788 866 864 923 vasis
879 867 963 924 attici
977 867 1093 942 pictura
1108 885 1125 923 a
1142 867 1249 925 veteris
1263 867 1344 942 figuli

202 961 386 1022 Corinthiaci
408 983 501 1040 opere
524 962 569 1040 (Q
594 962 639 1040 1)l

298 1065 361 1123 Vas
383 1065 457 1124 illud
479 1067 563 1143 quod
579 1067 651 1124 mihi
666 1069 697 1124 in
712 1069 814 1125 animo
829 1076 886 1137 est,
909 1085 1026 1126 summa
1040 1068 1209 1127 intentione
1225 1071 1344 1129 videtur

199 1166 325 1242 dignum
341 1185 415 1226 esse.
459 1166 576 1244 Hydria
587 1176 641 1226 ¹est
656 1187 767 1244 magna
782 1169 918 1227 eiusdem
938 1171 1056 1244 generis
1078 1153 1172 1246 atque
1195 1189 1231 1230 ea
1253 1189 1343 1246 quam

204 1268 367 1326 ediderunt
383 1267 500 1326 Geniclr
524 1277 556 1324 et
574 1269 597 1326 F
600 1271 808 1345 urtwaengler‚
832 1272 974 1330 Keramiir
995 1271 1056 1330 tab.
1080 1271 1169 1329 XXX
1180 1266 1203 1340 1;
1226 1272 1344 1348 pictura

201 1377 305 1428 autem
327 1387 395 1427 cum
417 1371 451 1427 iis
474 1388 613 1428 vasorum
635 1371 815 1446 imaginibus
839 1371 945 1446 quibus
959 1370 1120 1447 Polygnoti
1142 1380 1237 1430 artem
1255 1373 1343 1430 nobis

202 1472 421 1546 repraesentari
451 1472 601 1530 credimus
632 1472 764 1557 maxime
801 1473 939 1548 congruit
951 1469 972 1533 2.
1016 1473 1082 1530 Nec
1113 1473 1211 1532 minus
1247 1474 1342 1549 digna

203 1581 250 1631 est
283 1590 362 1648 quae
396 1573 567 1632 accuratius
597 1581 741 1631 tractetur
774 1591 822 1631 res
854 1575 947 1648 picta.
991 1574 1139 1634 Videmus
1165 1578 1224 1635 An
1238 1576 1259 1632 d
1273 1593 1316 1632 ro
1330 1604 1342 1617 ·

198 1675 367 1731 medam
390 1675 571 1750 alligandam
594 1675 635 1732 ad
657 1675 743 1750 palos
766 1693 842 1750 quos
858 1676 1062 1752 Aethiopes
1084 1685 1182 1735 terrae
1204 1676 1342 1752 infigunt,

195 1784 227 1832 et
246 1775 422 1834 Perseum
439 1771 507 1834 cum
522 1768 675 1851 Cepheo
702 1777 896 1837 collocutum.
943 1777 1032 1836 Unde
1047 1795 1118 1835 nam
1142 1778 1207 1836 talis
1231 1795 1342 1836 scaena

197 1877 273 1934 sumi
296 1886 417 1952 poterat
439 1879 494 1935 nisi
515 1898 533 1935 e
555 1873 738 1952 tragoedia?
760 1887 821 1936 tres
843 1888 976 1939 actores:
999 1898 1051 1937 rex
1073 1877 1200 1938 Perseus
1221 1879 1342 1936 Andro-

198 1979 299 2046 meda,
322 1978 505 2055 Aethiopum
528 1978 638 2038 chorus
661 1980 765 2056 aequis
777 1981 911 2054 partibus
933 1983 973 2038 ad
996 1990 1157 2057 utrumque
1179 1981 1258 2038 latus
1281 1979 1341 2038 dis·

203 2080 340 2168 tributus,
363 2079 542 2138 vestimenta
554 2079 644 2156 picta,
661 2081 763 2138 omnia
774 2081 931 2157 impellunt
945 2090 1059 2157 rosnat
1071 2083 1111 2139 de
1126 2082 1244 2140 theatro
1260 2080 1342 2156 cogi-

201 2190 306 2242 temus
330 2181 392 2240 Sed
408 2182 508 2240 solent
525 2199 639 2258 negare
657 2182 709 2240 viri
724 2183 808 2242 docti
820 2185 926 2258 quinto
940 2184 1000 2242 iam
1012 2184 1134 2241 saeculo
1148 2183 1253 2260 figulos
1265 2183 1339 2240 deli·

196 2283 332 2342 neavisse
343 2284 567 2359 tragoediarum
575 2301 717 2359 scaenas;
730 2292 827 2342 artem
836 2285 952 2342 illorum
960 2284 1134 2342 inferiorem
1143 2285 1241 2358 luisse,
1249 2301 1341 2359 quam

199 2393 233 2443 ut
248 2385 324 2443 tales
339 2403 467 2443 scaenas
482 2403 499 2442 e
514 2385 660 2443 memoria
674 2385 821 2460 refingere
836 2394 970 2461 possent.
995 2385 1074 2444 Puto
1083 2394 1186 2443 tamen
1202 2385 1280 2443 viam
1295 2385 1339 2443 iu·

198 2487 290 2545 veniri
306 2503 406 2562 posse,
429 2503 488 2560 qua
504 2485 596 2544 nihilo
612 2487 708 2544 minus
721 2487 897 2563 tragoediae
913 2504 1023 2546 scaeua
1038 2488 1069 2544 in
1084 2505 1156 2545 vase
1171 2487 1340 2562 antiquiore

196 2589 279 2664 picta
294 2588 471 2664 explicetur.
494 2587 604 2646 Reisch
619 2589 651 2645 in
665 2589 739 2645 libro
755 2588 805 2662 qui
820 2588 991 2646 inscribitur
1005 2588 1190 2648 Grieelrisehe
1207 2588 1339 2664 Wer'hpe·
1360 2583 1361 2590 '

194 2691 316 2750 sebeniae
329 2709 359 2766 p.
375 2691 433 2750 116
449 2708 487 2748 ss,
504 2689 653 2765 choregos
668 2689 797 2747 victores
812 2697 928 2747 statuas
944 2689 991 2746 vel
1006 2689 1125 2747 tabulas
1147 2689 1263 2746 vovisse
1285 2691 1339 2746 do-

194 2791 270 2865 cuit;
303 2791 387 2849 idem
409 2811 436 2850 v.
460 2793 489 2850 d.
511 2809 539 2867 p.
562 2792 619 2850 139
642 2791 734 2866 longe
755 2790 882 2865 plurima
904 2790 982 2848 illius
1004 2789 1123 2864 generis
1145 2788 1339 2848 anathemata

194 2891 287 2950 luisse
304 2893 422 2952 tabulas
438 2893 534 2969 pictas
552 2891 691 2951 coniecit.
715 2891 824 2950 Talem
839 2885 958 2951 πίνακα
970 2889 1092 2964 choregi
1104 2889 1223 2948 victoris
1234 2891 1259 2948 si
1275 2890 1338 2947 irni-

198 3001 294 3051 tatum
309 3010 378 3051 esse
390 2993 564 3068 putabimus
574 2992 700 3068 hydriae
711 3001 834 3051 nostrae
846 2993 1001 3068 pictorem,
1018 2991 1131 3066 optime
1143 2992 1339 3067 explicabitur

194 3095 319 3170 pictura.
363 3094 411 3152 De
434 3095 520 3152 cuins
544 3102 646 3152 autem
666 3102 776 3169 poetae
799 3093 902 3152 fabula
916 3088 1138 3168 cogitabimus?
1182 3091 1338 3151 Siomitti·

198 3213 265 3254 mus
276 3191 506 3273 Phrynichum³,
520 3197 596 3254 duas
611 3195 757 3253 habemus
767 3195 981 3253 Andromedae
993 3195 1122 3265 fabulas,
1137 3193 1338 3270 Sophocleam

194 3305 286 3373 atque
308 3297 516 3374 Euripideam.
560 3298 608 3355 Ab
630 3296 780 3372 Euripidis
811 3296 912 3354 fabula
941 3312 1086 3354 scaenam
1107 3304 1243 3354 nostram
1265 3295 1337 3354 alie-

193 3415 264 3455 nam
294 3414 362 3455 esse
391 3400 538 3456 docemur
566 3397 736 3473 fragmento
770 3399 828 3458 114
853 3398 1042 3455 —ineunte
1073 3399 1152 3456 enim
1178 3397 1338 3472 tragoedia

195 3500 254 3558 iam
277 3499 368 3558 affixa
390 3508 437 3556 est
460 3517 533 3557 saxo
556 3500 757 3556 Andromeda
781 3515 837 3567 -;
866 3497 1042 3575 relinquitur
1066 3500 1157 3574 igitur
1179 3516 1257 3556 unus
1280 3499 1336 3556 So·

193 3600 319 3678 phocles
352 3601 435 3659 cuius
463 3602 595 3659 fabulam
617 3602 647 3657 in
670 3599 773 3658 Persia
795 3601 844 3676 agi
867 3619 905 3658 ex
927 3599 1075 3660 vocabulo
1098 3593 1241 3674 σάρητον
1275 3601 1337 3658 sive

194 3697 338 3777 σάλητον
361 3699 409 3779 (fr.
435 3695 508 3782 131)
530 3704 590 3760 iam
613 3697 790 3777 Tuempel4
814 3701 951 3762 coniecit.
995 3700 1060 3758 Nec
1084 3701 1255 3759 mirandum
1280 3710 1335 3772 est,

194 3829 392 3840 μ-

294 3882 393 3938 ¹Mus.
412 3886 499 3937 Berol.
526 3902 551 3938 n.
570 3885 649 3939 2388.
686 3887 770 3936 Plane
797 3885 897 3936 similes
921 3893 980 3935 sunt
1006 3883 1113 3950 hydriae
1131 3885 1336 3935 Brunsvicenses

193 3976 228 4027 A.
247 3977 275 4026 Z.
295 3972 363 4026 1881
383 3973 437 4026 tab.
457 3972 498 4033 15,
520 3973 553 4026 16
573 3975 667 4026 editae.

291 4058 361 4114 2Cr.
380 4062 495 4122 Robert,
514 4062 556 4112 die
575 4063 679 4128 Nekyia
699 4063 746 4112 des
766 4063 909 4128 Polygnot.

292 4147 363 4200 ³De
385 4150 528 4216 Phrynichi
551 4165 619 4217 quae
644 4158 859 4202 commemoratur
883 4151 1056 4201 Andromeda
1081 4153 1113 4204 cs.
1132 4151 1238 4200 Robert
1255 4154 1289 4204 A.
1309 4153 1336 4204 Z.

194 4237 263 4292 1878
281 4255 306 4306 p.
327 4237 361 4291 16
381 4239 440 4291 adn.
460 4239 502 4292 10.

291 4323 373 4378 ⁴Die
401 4327 661 4394 Aethiopenlaeuder
687 4330 732 4379 des
758 4328 1037 4393 Andromedamythus
1060 4329 1099 4380 FL
1124 4327 1217 4394 Jahrb.
1241 4329 1332 4394 Suppl.

192 4417 263 4466 XVI
281 4432 306 4482 p.
327 4415 385 4468 132.
