3154 5024
729 349 766 408 lt

182 532 372 609 appellantur
385 529 407 612 ¹,
441 552 502 592 una
530 550 567 590 ex
594 533 628 590 iis
649 533 782 592 Medusa
805 531 963 608 vocatur2,
996 533 1203 610 Hesperidum
1231 538 1324 597 draco

180 631 325 712 Phorcyis
340 643 371 693 et
390 633 483 693 Cetus
499 635 574 692 filius
599 642 692 710 atque
708 633 889 708 Gorgonum
914 633 1008 692 frater
1030 634 1091 694 iarn
1115 638 1199 712 apud
1213 635 1324 697 Hesio·

181 735 255 793 dum
278 744 326 794 est
338 731 359 799 ³.

277 837 408 896 Medusa
441 837 615 918 aethiopica
651 854 835 913 quamquam
868 836 1064 912 scriptoribus
1101 855 1220 914 semper
1246 847 1323 897 nota

178 936 242 1012 fuit,
276 940 359 1016 apud
389 938 517 997 artifices
543 955 615 996 mox
648 939 679 995 in
712 938 895 996 oblivionem
930 939 1020 997 venit.
1066 935 1125 1010 Qui
1158 948 1324 1016 sequuntur

181 1057 320 1097 vasorum
341 1038 474 1115 pictores
489 1038 635 1097 Perseum
651 1039 768 1097 iaciunt
782 1056 837 1114 pro
853 1038 1020 1113 Gorgoneo
1037 1049 1129 1117 caput
1143 1039 1320 1099 femininum

182 1140 305 1215 vulgare
332 1124 520 1216 portantem
549 1139 633 1197 initio
662 1139 777 1197 saeculi
805 1141 903 1214 quarti
936 1141 1049 1198 additis
1079 1141 1192 1217 capillis
1219 1143 1323 1218 angui·

182 1242 326 1300 formibus
349 1251 379 1300 et
399 1241 544 1318 anguium
565 1241 651 1298 nodo
676 1239 754 1298 infra
775 1249 908 1298 mentem
927 1250 1067 1299 conserto
1084 1251 1151 1299 orta
1166 1251 1214 1300 est
1228 1243 1324 1300 notis-

181 1343 259 1400 sima
280 1344 423 1419 temporis
445 1341 594 1400 inferioris
619 1341 776 1417 Gorgonei
798 1340 903 1400 forma.

343 1515 369 1572 3.
404 1515 450 1572 De
472 1516 720 1572 monumentorum
743 1513 918 1585 temporibus
937 1517 964 1572 et
986 1515 1160 1574 auctoribus.

278 1649 412 1707 Fabulae
439 1649 553 1722 primae
582 1647 684 1724 pictae
715 1655 786 1703 sunt
815 1664 872 1704 eae
904 1665 983 1722 quae
1012 1649 1136 1722 singulis
1167 1650 1228 1707 vel'
1244 1651 1322 1709 binis

182 1749 284 1824 figuris
313 1749 434 1824 saepius
457 1748 590 1824 repetitis
620 1748 746 1824 exprimi
773 1756 927 1825 poterant3
954 1749 1036 1805 velut
1063 1751 1201 1824 peditum
1231 1753 1324 1810 series

182 1849 401 1908 Centaurorum
430 1850 518 1908 seriei
547 1850 690 1926 opposita
718 1849 811 1907 fiebat
838 1848 1036 1925 Lapitharum
1063 1868 1132 1909 cum
1161 1851 1321 1911 Centauris

180 1970 292 2028 pugna,
315 1951 489 2029 sagittarius
511 1970 580 2010 cum
602 1951 804 2027 compluribus
828 1949 989 2009 Centauris
1012 1969 1154 2028 pugnans
1170 1952 1319 2012 Hercules

183 2052 328 2129 appellari
349 2061 471 2130 poterat
481 2049 503 2114 4.

280 2154 315 2212 In
337 2153 547 2229 antiquissima
572 2153 720 2212 artificum
742 2171 919 2228 graecorum
941 2153 1104 2229 figurarum
1125 2156 1214 2230 copia
1235 2173 1323 2231 repe·

182 2256 300 2313 riuntur
328 2262 464 2314 monstra
491 2255 573 2314 alata
595 2254 746 2313 currentia
768 2261 798 2312 et
819 2254 958 2313 homines
980 2256 1056 2313 nudi
1077 2257 1172 2314 altero
1194 2256 1319 2316 brachio

183 2365 325 2434 protento
359 2357 454 2416 altero
491 2363 611 2416 retento
644 2365 809 2416 currentes
861 2355 945 2415 Talis
976 2355 1068 2415 homo
1102 2359 1203 2416 nudus
1232 2377 1324 2436 quem

183 2467 352 2534 sequuntur
373 2459 436 2515 duo
457 2465 594 2516 monstra
608 2456 812 2516 fitPerseus
834 2475 852 2514 a
875 2455 1120 2533 Gorgonibus
1141 2460 1322 2536 agitatus;

185 2559 260 2616 alter
281 2559 374 2618 homo
397 2559 521 2619 additus
536 2559 676 2616 Mercurii
691 2567 793 2634 partes
809 2558 942 2634 suscipit.
978 2558 1069 2618 Hanc
1084 2560 1324 2636 antiquissimam

183 2660 304 2720 tabulae
312 2661 351 2719 ab
362 2659 524 2718 artificibus
535 2667 684 2718 tractatae
697 2657 824 2716 formam
835 2660 964 2717 servavit
975 2660 1068 2734 tripus
1080 2669 1218 2719 etruscus
1228 2662 1257 2719 K
1270 2664 1321 2722 31.

279 2760 351 2820 Mox
379 2779 449 2819 cum
478 2779 526 2818 ars
550 2759 689 2818 archaice
712 2759 871 2818 didicisset
892 2759 1026 2834 singulas
1045 2779 1192 2836 personas
1215 2762 1319 2820 distin·

175 2879 273 2936 ¹gnere
300 2870 332 2919 et
357 2862 535 2937 significare,
565 2861 693 2920 Perseus
718 2861 804 2919 cibisi
834 2861 938 2936 gladio
960 2869 1068 2936 petaso
1089 2863 1152 2920 sive
1172 2863 1250 2938 pileo
1271 2881 1320 2920 or·

180 2971 349 3033 natusest,
379 2963 556 3039 Mercurius,
587 2963 612 3020 si
634 2964 751 3038 aderat,
778 2963 922 3021 caduceo
966 2962 1125 3020 Perseus
1147 2963 1230 3022 solus
1254 2982 1322 3022 cum

182 3064 324 3123 duabus
353 3063 590 3141 Gorgonibus
619 3064 708 3122 fictus
741 3072 807 3122 erat
832 3063 862 3120 in
892 3063 985 3121 Scuto
1012 3061 1195 3122 Hesiodeo⁶
1227 3072 1258 3122 et
1293 3065 1324 3122 in

182 3165 302 3242 Cypseli
334 3183 419 3237 arca;
447 3167 478 3224 in
500 3166 704 3224 monumentis
726 3165 852 3223 servatis
875 3165 1023 3222 accedere
1045 3166 1143 3224 solent
1164 3165 1324 3226 Medusa

179 3267 383 3326 Mercurius
396 3267 580 3326 Minerva.
625 3265 665 3324 Di
680 3275 733 3323 aut
746 3274 830 3324 stant
845 3259 887 3341 (K
907 3267 934 3335 3,
952 3268 979 3340 7,
1005 3268 1033 3352 9,Ι
1059 3260 1110 3344 12)
1133 3275 1187 3325 aut
1202 3276 1325 3326 currunt

183 3365 225 3442 (K
247 3364 295 3444 4>;
318 3371 444 3427 alterurn
460 3368 616 3426 Minervae
638 3368 765 3426 alterurn
780 3367 922 3426 Mercurii
936 3367 1088 3443 proprium
1103 3385 1174 3426 esse
1196 3369 1323 3445 videtur,

179 3469 303 3528 namin
324 3469 354 3527 K
378 3475 405 3545 1,
425 3470 476 3528 ubi
499 3469 635 3527 Minerva
657 3476 741 3526 stans
762 3468 846 3543 picta
866 3475 923 3536 est,
946 3466 1130 3526 Mercurium
1152 3469 1321 3526 cucurrisse

181 3587 266 3628 crure
291 3579 411 3628 servato
433 3570 555 3645 probari
578 3569 703 3627 videtur.
748 3567 883 3628 Medusa
900 3567 1080 3644 plerumque
1103 3569 1257 3627 sororibus
1281 3569 1321 3627 si·

180 3672 256 3731 milis
279 3681 335 3741 est,
361 3672 419 3730 nisi
441 3673 526 3748 quod
548 3677 639 3747 caput
661 3672 761 3746 deest;
791 3678 911 3728 mature
933 3678 1037 3730 autem
1060 3671 1233 3730 didicerunt
1255 3689 1324 3730 eam

183 3791 201 3832 a
214 3774 309 3832 latere
324 3781 523 3848 conspectam
538 3773 593 3830 alis
610 3771 798 3848 complicatis
815 3773 1068 3847 procumbentem
1082 3773 1209 3847 pingere
1224 3766 1267 3850 (K
1281 3768 1323 3849 2).

181 3887 380 3907 —·-—-··r—

281 3935 398 3990 1Schol.
417 3941 470 4005 Ap.
489 3937 582 3990 Rhod.
602 3938 642 3987 IV
663 3936 739 3990 1399.

278 4023 443 4092 ²Mythogr.
462 4027 523 4078 Vat.
542 4026 584 4074 111
603 4027 620 4078 l.
641 4025 688 4092 133
707 4025 831 4089 Fulgent.
850 4041 876 4090 p.
891 4024 949 4078 156.

280 4113 409 4180 ³Theog.
428 4115 488 4169 334.

278 4202 349 4258 4Ci.
368 4204 524 4255 Loescbclre
542 4205 578 4258 A.
598 4206 625 4258 Z.
646 4203 715 4258 1882
734 4221 777 4272 pp.
796 4203 841 4272 44,
860 4203 895 4258 48
914 4221 949 4257 ss.

278 4291 349 4344 5De
372 4293 472 4344 ratione
497 4295 564 4344 inter
585 4291 690 4346 Scutum
717 4301 742 4344 et
766 4309 827 4345 vasa
851 4294 1030 4360 antiquissima
1051 4295 1231 4344 intercedente
1259 4292 1321 4345 sittl

181 4384 233 4447 egit
252 4384 287 4440 A.
306 4387 332 4450 J.
352 4387 379 4434 ll
399 4402 422 4450 p.
438 4382 511 4438 18ss
