3154 5024
722 355 757 415 63

656 582 823 650 Addeado.

172 721 206 772 ad
224 738 249 787 p.
262 719 302 774 12.
330 721 362 770 In
379 719 484 770 vasculo
503 719 652 768 Matritensi
670 719 727 772 Hl
746 721 779 772 E.
795 720 883 773 Bethe
905 721 951 786 qui
968 727 1030 785 post
1048 721 1184 772 Cuntzium
1204 739 1248 772 vas
1271 723 1309 774 in·

330 810 415 875 spexit
433 816 512 874 atque
530 809 628 874 primus
648 816 677 860 ut
696 823 728 859 ex
748 808 834 858 arcula
849 815 1011 876 promeretur
1022 809 1176 876 impetravit,
1197 812 1313 877 repperit

333 904 517 970 inscriptiones
539 894 710 977 HEPMU,
732 893 907 978 l'EPffiW,
930 895 1100 963 ΑΙΑΝΞΘΑ

120 985 122 992 ’
175 1001 208 1049 ad
227 991 254 1067 p.
268 999 308 1052 14.
334 1000 479 1050 Vasculum
498 1007 628 1050 etruscum
646 999 683 1050 16
707 1014 775 1050 nuuc
799 1003 944 1049 asservatur
962 999 990 1049 in
1008 1015 1097 1052 museo
1117 1001 1312 1068 Panormitano,

331 1089 364 1139 cs.
384 1088 488 1138 Martha
506 1089 564 1138 l'art
583 1090 704 1153 etrusque
721 1105 748 1155 p.
769 1086 829 1140 474.

173 1177 207 1226 ad
226 1194 251 1242 p.
263 1175 304 1230 15.
332 1175 461 1226 Nummus
479 1173 642 1226 Sebastenus
660 1175 779 1242 Septimii
794 1176 885 1226 Severi
906 1176 1000 1225 eodem
1018 1176 1093 1239 signo
1111 1184 1216 1228 ornatus
1235 1185 1313 1244 atque

331 1261 392 1316 113
410 1265 496 1315 editus
516 1271 556 1314 est
574 1263 700 1316 Zeitsohr.
719 1264 736 1315 s.
749 1263 880 1316 Numism.
899 1263 985 1314 XVII
1002 1263 1054 1315 tab.
1075 1264 1102 1314 Π
1122 1263 1162 1325 15,
1182 1267 1214 1318 cf.
1233 1283 1259 1333 p.
1269 1265 1313 1321 23.

173 1354 206 1402 ad
224 1370 249 1419 p.
260 1351 303 1404 21.
331 1354 361 1402 In
380 1366 499 1402 museum
512 1352 690 1404 academicum
703 1356 927 1416 Argentoratense
940 1367 1023 1417 nuper
1036 1354 1155 1418 pervenit
1168 1353 1311 1415 vasculum,

331 1439 406 1506 quod
418 1447 446 1490 ut
457 1441 485 1490 iu
497 1455 582 1490 meum
595 1455 671 1490 usuru
680 1440 857 1492 delinearetur
868 1439 1013 1489 liberaliter
1025 1441 1153 1490 concessit
1162 1440 1311 1493 Michaelis:

333 1526 392 1580 20*.
420 1528 553 1595 Amphora
575 1544 655 1594 parva
679 1529 740 1580 artis
764 1529 888 1595 pulchrae
912 1529 940 1578 irr
964 1534 1074 1594 utraque
1100 1537 1171 1594 parte
1193 1531 1313 1594 singulas

331 1617 425 1680 figuras
445 1618 592 1669 continens:
620 1619 656 1669 A.
675 1619 785 1668 Perseus
804 1616 942 1682 chlamyde
960 1617 1049 1680 caligis
1066 1616 1138 1684 pileo
1153 1617 1187 1684 (ij
1204 1619 1312 1669 vestitus

332 1683 422 1772 capite·
435 1705 533 1757 reflexo
553 1707 586 1755 ad
605 1707 631 1758 d.
646 1707 731 1766 currit,
751 1707 777 1757 d.
791 1706 914 1756 Medusae
930 1711 1008 1771 caput
1019 1705 1165 1774 pulchrum,
1186 1723 1206 1760 s.
1220 1707 1313 1758 falcem

333 1801 449 1859 portans.
486 1795 516 1845 B.
536 1794 630 1844 Mulier
647 1795 736 1844 tunica
751 1793 834 1858 longa
852 1795 950 1860 vestita,
969 1794 1071 1858 magnis
1089 1795 1137 1845 alis
1153 1795 1314 1846 umeralibus

331 1883 452 1949 praedita
474 1883 595 1933 manibus
619 1883 748 1948 protentis
773 1882 806 1932 ad
825 1883 850 1932 d
868 1882 954 1934 currit.
991 1882 1066 1946 Quae
1084 1883 1183 1932 femina
1199 1883 1262 1933 licet
1280 1885 1314 1934 ad

332 1972 510 2021 Victoriarum
535 1970 667 2037 exemplar
691 1971 748 2020 ficta
772 1971 816 2030 sit,
843 1970 895 2020 hoc
917 1972 979 2021 loco
1003 1987 1056 2020 non
1074 1978 1162 2037 potest
1179 1988 1234 2022 nun
1255 1987 1314 2023 esse

333 2061 423 2124 Gorgo
443 2060 570 2110 Perseum
587 2067 733 2125 persecuta.
750 2059 841 2108 Pictor
858 2060 986 2109 Medusae
1005 2060 1114 2110 sormam
1132 2059 1264 2125 pulchram
1282 2061 1315 2110 ad

333 2164 448 2199 sororem
467 2149 608 2200 transtulit.

175 2237 207 2286 ad
226 2251 251 2302 p.
261 2233 304 2288 Ml.
333 2237 451 2286 Tertium
480 2236 597 2286 eiusdem
624 2237 726 2300 generis
758 2242 835 2300 atque
857 2236 881 2286 O
906 2236 928 2295 1,
955 2234 972 2287 2
999 2236 1135 2286 vasculum
1162 2237 1315 2287 Loesehcke

333 2325 400 2375 vidit
418 2325 489 2391 apud
506 2325 652 2391 principem
670 2323 788 2390 Ruspoli
807 2325 839 2375 cs.
859 2325 895 2378 A.
913 2327 939 2390 J.
958 2325 1020 2392 vn,
1039 2329 1106 2377 Ana.
1126 2341 1150 2390 p.
1164 2324 1208 2378 74.

175 2413 208 2462 ad
227 2430 252 2479 p.
263 2409 306 2466 28.
334 2413 405 2463 Infra
422 2415 445 2463 P
465 2413 479 2466 1
498 2414 664 2464 inserendum
681 2420 731 2464 est:

336 2500 375 2554 1*.
393 2503 503 2553 Lamina
520 2503 631 2553 rotunda
650 2502 746 2568 duplex
763 2501 791 2551 iu
803 2501 910 2552 Cabirio
924 2501 1052 2552 Thebano
1070 2502 1176 2552 inventa
1195 2503 1313 2554 eiusdem

333 2591 437 2655 generis
466 2597 545 2658 atque
572 2608 602 2642 ea
624 2606 692 2657 quae
718 2591 788 2641 edita
810 2597 848 2641 est
865 2585 926 2657 Ἐφ.
946 2589 1007 2656 ἀρχ.
1025 2588 1095 2644 1885
1117 2591 1160 2640 tab
1179 2592 1205 2642 V
1225 2591 1252 2649 1;
1283 2593 1315 2645 cf.

333 2678 432 2732 Athen.
450 2679 521 2732 Mitt.
539 2681 611 2730 XIII
628 2696 654 2745 p.
675 2677 737 2732 413.

262 2779 265 2783 ·
372 2770 404 2818 In
430 2775 538 2835 utraque
566 2768 663 2818 lamina
684 2767 770 2818 media
794 2767 906 2818 circulus
925 2768 997 2831 niger
1014 2767 1128 2817 continet
1144 2767 1253 2832 liguram
1273 2783 1314 2818 ru·

335 2855 408 2906 bram
426 2857 489 2907 satis
508 2855 679 2921 indiligenter
702 2857 814 2921 pictam:
842 2859 877 2908 A.
898 2857 1012 2907 Perseus
1040 2855 1119 2904 currit
1142 2870 1201 2905 cum
1224 2855 1315 2924 harpe,

334 2946 365 2997 B.
384 2946 498 2996 Medusa
514 2947 602 2996 tunica
620 2947 693 2996 brevi
711 2947 806 2996 vestita
824 2946 858 2995 ad
876 2959 967 3011 rupem
986 2944 1110 2994 acclinata
1128 2945 1232 2998 dormit.

176 3033 208 3083 ad
228 3049 253 3098 p.
264 3032 307 3086 32.
334 3034 456 3084 Nummis
474 3034 588 3084 leonicis
607 3034 805 3097 subiungendns
823 3040 874 3085 est:

334 3120 393 3174 32¹³.
412 3124 541 3173 Nummus
556 3123 692 3174 Tarsensis
711 3122 743 3173 cf.
763 3121 990 3172 Imhoof-Blumer
1008 3121 1135 3174 Zeitsohr.
1154 3122 1172 3174 f.
1185 3121 1314 3173 Numism.

333 3213 374 3260 III
392 3227 418 3276 p.
428 3210 489 3265 333.
958 3254 960 3259 .

373 3301 486 3350 Perseus
505 3300 606 3365 harpen
625 3315 646 3350 s.
665 3306 758 3349 tenens
778 3300 894 3349 dextram
912 3298 990 3349 offert
1005 3297 1181 3364 Apollini..

269 3387 306 3440 ib.
334 3386 393 3440 3t*.
420 3387 532 3440 nummis
551 3387 668 3437 Ponticis
687 3387 804 3437 addendi
823 3394 893 3438 suut:
922 3404 946 3452 a,
969 3389 996 3447 b,
1023 3387 1133 3436 Nummi
1152 3385 1315 3437 Mithridatis

335 3477 473 3542 Eupatoris
491 3483 518 3527 et
530 3475 621 3526 Mithr.
634 3474 803 3541 Philadelphi
821 3476 854 3527 ci.
864 3477 892 3527 Z.
901 3476 918 3527 s.
929 3477 965 3526 N.
983 3475 1025 3524 IV
1037 3490 1062 3540 p.
1073 3473 1134 3534 232,
1152 3475 1209 3525 XV
1218 3490 1244 3540 p.
1254 3472 1316 3528 205.

374 3566 486 3616 Perseus
515 3564 654 3630 chlamyde
683 3571 708 3614 et
736 3564 808 3629 pileo
833 3564 944 3630 phrygio
966 3565 1073 3616 vestitus
1097 3563 1147 3612 alis
1174 3562 1316 3628 pedalibus

335 3652 475 3705 instructus
503 3657 593 3706 dextra
621 3664 706 3722 portat
732 3657 863 3707 Medusae
891 3662 967 3722 caput
994 3655 1134 3721 antiquius,
1169 3671 1189 3705 s.
1217 3654 1316 3719 harpen

335 3758 425 3793 umero
444 3745 561 3798 acclinat.

115 3891 118 3898 Ι
177 3828 210 3877 ad
229 3844 254 3894 p.
265 3829 307 3882 33.
336 3831 456 3882 Nummis
476 3833 654 3884 Macedonicis
673 3834 857 3898 subiungatur:

337 3919 396 3974 39*.
415 3922 545 3972 Nummus
564 3923 714 3974 Larissaeus
734 3921 886 3972 Thessaliae
903 3921 935 3972 cs.
955 3923 982 3974 Z.
1000 3923 1019 3975 f.
1036 3923 1072 3974 N.
1090 3937 1116 3989 p.
1128 3919 1170 3975 75.

375 4011 460 4076 Caput
487 4009 664 4080 femininum)(
679 4014 792 4062 Perseus
820 4012 854 4061 ad
877 4027 898 4063 s.
921 4026 1063 4062 conversus
1087 4011 1112 4064 d.
1137 4016 1238 4062 extenta
1257 4008 1315 4060 har·

336 4114 396 4165 peu,
416 4116 436 4152 S.
457 4101 571 4150 demissa
589 4100 715 4150 Medusae
736 4107 812 4165 caput
829 4107 921 4166 portat.

649 4303 845 4316 ...μω-οι·-
