3154 5024
766 282 800 336 56

213 461 304 519 theca
326 460 477 518 Vaticana
507 460 652 528 asservati
683 462 821 519 nondum
856 437 927 519 satis
961 459 1113 536 explicata
1126 456 1149 518 ¹.
1193 461 1229 517 ln
1251 460 1356 518 media

211 563 327 638 pictura
349 563 432 620 iuxta
455 578 596 636 magnam
611 562 743 636 palmam
759 579 811 620 ara
825 561 907 636 picta
930 569 985 634 est,
1010 563 1126 638 inqua
1148 564 1238 620 sedet
1261 578 1355 618 senex

213 663 315 721 tunica
337 663 489 720 manicata
512 662 671 739 chlamyde
698 664 801 738 caligis
829 665 956 722 vestitus
985 657 1089 738 gladio
1116 665 1234 722 cinctus
1270 664 1355 722 cuius

212 765 352 840 vaginam
374 780 467 822 manu
489 781 512 822 s.
531 749 742 840 amplectitur{
771 765 880 821 dextra
902 764 1072 840 chlamydis
1099 765 1215 824 nodum
1247 766 1354 839 tangit.

214 865 297 923 Toto
325 865 431 923 habitu
461 882 608 941 pavorem
641 872 673 922 et
699 865 935 940 trepidationem
967 865 1132 940 profitetur.
1176 864 1264 923 quta
1286 883 1355 924 eum

214 967 334 1025 siuistro
357 984 427 1024 arae
451 967 561 1040 angulo
583 966 691 1050 muller
711 983 746 1023 se
768 967 898 1024 acclinat
921 967 1023 1026 tunica
1044 968 1198 1043 pallioque
1221 985 1281 1043 quo
1304 986 1357 1026 ca·

213 1074 268 1143 put
290 1085 412 1144 quoque
438 1068 553 1124 velatur
578 1067 689 1124 vestita
711 1075 741 1124 et
764 1066 830 1142 ipsa
853 1069 895 1124 ad
918 1085 940 1128 S.
967 1076 1110 1143 spectans
1133 1085 1224 1126 manu
1247 1069 1278 1126 d.
1301 1087 1353 1126 ve·

214 1169 315 1228 lamen
337 1168 409 1227 illud
431 1187 449 1226 a
471 1167 549 1224 facie
571 1185 738 1250 removens.
783 1169 809 1224 A
830 1168 860 1226 d.
876 1169 997 1226 accedit
1019 1169 1061 1225 vir
1083 1169 1228 1226 barbatus
1252 1169 1357 1228 tunIca

215 1271 296 1346 picta
315 1269 468 1345 pallioque
489 1268 615 1326 vestitus
638 1260 814 1326 diademate
836 1269 955 1327 radiato
978 1277 1111 1339 umatus,
1144 1271 1195 1344 qui
1216 1288 1309 1328 manu
1332 1289 1355 1330 s.

216 1371 318 1448 portat
341 1379 492 1447 sceptrum
515 1369 616 1445 aquila
639 1378 830 1438 coronatum;
861 1371 971 1427 dextra
993 1371 1078 1428 cuius
1107 1371 1198 1446 plaga
1226 1373 1358 1429 exterior

216 1471 368 1548 spectanti
382 1472 512 1528 adversa
528 1479 575 1528 est
590 1472 755 1528 recusandi
776 1477 898 1546 gestum
919 1470 1020 1528 iacere
1035 1472 1165 1529 videtur.
1197 1472 1247 1532 Ab
1262 1473 1357 1532 altera

214 1581 300 1650 parte
330 1573 370 1631 ad
396 1591 479 1630 aram
507 1571 629 1630 accedit
657 1571 773 1630 iuvenis
807 1573 912 1630 tunica
945 1573 1028 1647 picta
1060 1573 1220 1650 chlamyde
1253 1575 1357 1647 caligis

214 1675 342 1732 vestitus
364 1673 541 1732 diademate
563 1673 683 1731 radiato
706 1682 869 1731 coronatus
891 1691 982 1730 manu
998 1675 1027 1734 d.
1044 1675 1120 1733 duas
1135 1675 1237 1734 hastas
1252 1693 1357 1734 umero

216 1776 380 1834 acclinans,
423 1773 519 1848 Supra
540 1791 688 1849 personas
711 1771 879 1849 descriptas
908 1775 959 1831 dei
987 1775 1233 1850 conspiciuntur:
1266 1794 1357 1851 supra

215 1894 319 1951 regem
332 1875 458 1935 Insania
472 1874 622 1950 anguibus
639 1874 745 1932 crinita
761 1874 860 1933 facem
875 1884 907 1932 et
925 1893 1057 1950 anguem
1076 1877 1217 1934 manibus
1237 1885 1353 1953 tenens

213 1994 304 2054 supra
339 1993 444 2034 senem
476 1983 508 2031 et
538 1975 693 2032 mulierem
713 1974 820 2033 Venus
846 1994 915 2033 cum
937 1977 1060 2045 Amore,
1094 1994 1186 2052 supra
1216 1979 1357 2036 iuvenem

213 2079 330 2138 Suada.
732 2058 734 2062 V

314 2179 518 2254 Apollodorus
540 2177 569 2235 II
591 2180 620 2249 4,
643 2179 671 2246 3,
695 2178 712 2235 6
734 2185 836 2235 narrat
859 2177 1012 2253 Perseum,
1047 2188 1209 2256 cumpost
1234 2181 1354 2239 Andro·

213 2283 336 2340 medam
363 2281 520 2340 liberatam
543 2278 701 2354 Seriphum
722 2286 932 2357 reverteretur,
965 2280 1115 2339 invenisse
1137 2279 1269 2340 Danaen
1292 2302 1356 2342 ma·

213 2394 289 2442 trem
322 2392 355 2442 et
377 2382 487 2459 Dictyn
517 2383 560 2440 ad
586 2398 669 2440 aram
702 2380 924 2456 confugientes
956 2391 989 2440 ut
1011 2383 1161 2441 evitarent
1183 2381 1356 2458 Polydectis

213 2485 407 2558 violentiam;
430 2503 448 2542 a
468 2483 581 2542 Perseo
603 2484 801 2558 Polydectem
823 2467 1027 2560 torpeiacturn
1050 2493 1177 2542 matrem
1198 2485 1358 2544 liberatam

215 2587 327 2660 Dictyn
350 2604 453 2663 regem
479 2585 684 2662 Seriphiorum
709 2586 820 2645 factum
847 2605 923 2648 esse.
966 2587 1053 2646 Idem
1079 2587 1162 2645 haud
1190 2589 1281 2646 dubie
1311 2607 1358 2646 ar·

214 2695 394 2764 gumentum
415 2687 472 2745 fuit
483 2671 603 2762 Dictyis
618 2687 739 2746 fabulae
753 2688 947 2764 Euripidem,
971 2707 1063 2765 quam
1076 2688 1214 2747 Welcker
1236 2709 1254 2746 e
1277 2689 1355 2765 lrag·

212 2789 324 2848 mentis
347 2789 391 2847 ita
412 2789 552 2857 restituit,
576 2798 609 2847 ut
624 2788 767 2848 Perseum
783 2791 971 2865 incognitum
987 2793 1028 2848 ad
1046 2791 1176 2849 insulam
1192 2793 1357 2858 advectum

213 2911 231 2950 a
253 2890 424 2966 Polydecte
447 2890 635 2950 domicilium
658 2900 689 2948 et
711 2891 841 2950 Danaen
871 2891 901 2948 in
929 2893 1154 2950 matrimonium
1181 2893 1358 2950 ducendam

212 3002 317 3068 petere
340 3000 500 3050 statueret.
540 2990 634 3064 ¹Quae
658 2993 683 3050 si
704 3001 787 3050 recte
811 2993 939 3052 corilecit
963 2994 1005 3050 vit
1022 2986 1230 3060 doctissimus,
1253 3012 1357 3052 noune

212 3095 327 3171 optime
350 3097 392 3153 ad
414 3095 608 3168 tragoediam
630 3095 712 3152 illam
734 3096 865 3171 quadrat
886 3096 1004 3172 pictura
1026 3091 1152 3154 nostra?
1184 3097 1250 3153 Rex
1272 3095 1359 3152 nimi·

213 3213 279 3254 rum
302 3195 488 3272 Polydectes
512 3204 696 3265 est;⁴senex
719 3204 750 3254 et
770 3197 876 3254 mulier
897 3195 1003 3272 Dictys
1027 3206 1059 3255 et
1077 3197 1185 3254 Danae
1208 3207 1287 3274 sunt,
1309 3197 1360 3270 qui

214 3297 253 3355 ab
277 3297 327 3354 illo
351 3297 453 3354 vexati
479 3297 520 3354 ad
542 3315 624 3356 aram
648 3297 866 3372 confugerunt;
888 3298 1005 3356 iuvenis
1021 3299 1149 3355 Perseus
1171 3306 1217 3355 est
1239 3297 1359 3372 reliquis

214 3399 349 3474 ignotus
381 3399 432 3476 qui
458 3415 526 3456 cum
547 3399 712 3476 Polydecte
733 3399 849 3474 pacisci
871 3409 999 3457 conatur
1020 3401 1199 3476 priusquam
1221 3399 1280 3456 vim
1304 3399 1360 3457 ad·

215 3501 327 3560 hibeat.
370 3499 473 3556 Etiam
504 3501 536 3557 di
563 3501 688 3576 siugulis
717 3501 855 3575 personis
872 3501 984 3559 ‘additi
1014 3501 1128 3577 optIme
1155 3501 1359 3574 explicantur:

214 3618 306 3676 supra
329 3600 527 3675 Polydectem
560 3602 683 3660 libidine
713 3603 910 3660 obcaecatum
935 3602 1066 3676 Insania,
1101 3620 1191 3679 supra
1214 3601 1359 3661 Perseum

214 3703 422 3780 paciscentem
455 3703 580 3772 Suada,·
604 3721 694 3778 supra
727 3703 858 3762 Danaen
886 3704 991 3761 Venus
1022 3703 1099 3761 illius
1133 3704 1258 3762 tutatrix
1288 3722 1358 3762 cum

218 3805 341 3867 Amore.
386 3803 533 3861 Perseum
554 3805 585 3861 in
606 3804 664 3863 hac
686 3804 806 3881 pictura
833 3823 897 3862 non
920 3805 1056 3879 insigniti
1084 3805 1180 3862 solitis
1210 3805 1359 3863 attributis

215 3915 460 3964 consentaneum
482 3913 538 3975 est,
567 3906 722 3980 quianon
745 3907 807 3964 vult
829 3905 956 3983 agnosci
975 3924 994 3963 a
1016 3905 1192 3981 Polydecte.
1238 3905 1358 3978 Quibus

317 4137 327 4173 ¹
346 4139 438 4188 Varias
462 4140 575 4189 virorum
599 4139 734 4190 doctorum
760 4139 987 4205 interpretationes
1010 4138 1115 4204 collegit
1139 4139 1262 4190 Reinach
1286 4155 1359 4190 vases

308 4268 313 4280 .
335 4226 386 4279 104
406 4243 425 4278 s.

315 4314 327 4354 ²
346 4316 517 4371 Griechische
536 4317 668 4380 Tragbdie
687 4333 712 4384 p.
732 4316 784 4368 b'b'8
803 4333 836 4369 ss.
