3154 5024
809 371 843 430 36

255 571 273 612 a
295 574 319 618 s,
341 554 586 632 approquinquat
608 555 709 631 capite
732 555 853 614 sublato
877 556 917 614 ad
940 553 1084 613 Perseum
1113 556 1162 630 qui
1185 563 1215 614 et
1243 554 1309 630 ipse
1332 572 1350 613 a
1373 573 1396 615 a.

255 653 402 741 peraeta
422 645 558 716 advolat.
676 635 678 652 '
1103 677 1105 681 ·

355 752 457 819 ras.
480 757 552 818 517.

354 858 476 919 Pictura
495 860 586 935 priori
608 851 727 938 similis;
749 877 820 937 pars
843 858 982 936 superior
1003 859 1105 918 deleta
1127 867 1184 920 est.

309 981 311 986 ’
354 960 402 1021 15.
426 960 463 1021 ci.
487 960 561 1020 Mau
583 961 618 1022 Β.
641 962 672 1022 (1.
694 961 717 1021 Ι.
742 962 823 1021 1882
846 979 875 1037 p.
899 961 969 1038 106,
993 961 1044 1020 80.

351 1063 568 1138 Agnoscuntur
588 1061 717 1120 Perseus
741 1063 890 1138 prioribus
911 1061 1025 1137 similis,
1050 1071 1228 1138 monstrum,
1251 1063 1331 1138 rupis
1354 1081 1401 1120 ar·

255 1163 398 1238 horisque
419 1172 530 1239 partes,
1107 1238 1123 1284 ἲ

722 1295 919 1305 Ἤ

528 1390 750 1452 Andromedae
772 1399 803 1448 et
826 1390 927 1450 Persei
948 1407 1107 1466 personae.

326 1588 328 1593 ,
357 1525 403 1586 18.
426 1524 455 1584 S.
481 1526 552 1602 740,
576 1525 627 1583 ed.
651 1525 766 1584 Robert
787 1526 824 1596 A.
847 1525 881 1584 Ζ.
905 1526 986 1586 1878
1009 1526 1071 1586 tab.
1095 1527 1123 1585 3.

349 1627 378 1686 S.
407 1627 473 1701 rupi
498 1627 651 1684 acclinata
673 1635 720 1684 est
741 1644 875 1702 persona
897 1626 986 1684 virilis
1010 1645 1078 1685 cum
1100 1626 1189 1700 galea
1210 1627 1292 1684 alata
1317 1644 1396 1684 unco

252 1738 370 1805 ornata,
393 1728 477 1786 iuxta
493 1745 562 1788 eam
576 1728 671 1804 harpe
693 1736 726 1785 et
746 1747 829 1805 pera.
850 1728 974 1786 Mediae
995 1728 1061 1803 rupi
1080 1727 1181 1785 adfixa
1203 1736 1251 1784 est
1263 1744 1396 1804 persona

251 1831 402 1889 muliebris
424 1831 538 1906 pallida
560 1830 675 1907 capillis
698 1830 791 1904 nigris
806 1829 976 1906 incomptis,
999 1828 1076 1886 infra
1101 1846 1193 1904 quam
1209 1827 1278 1886 Ceti
1303 1835 1400 1905 caput

252 1931 339 1990 hians
354 1949 393 1989 ex
414 1933 504 1990 undis
525 1933 687 2008 prominet.
718 1931 758 1990 D.
781 1933 811 1988 in
833 1948 908 2006 rupe
929 1939 1088 2006 parentum
1104 1947 1256 2004 personae
1278 1930 1397 2005 conspi-

252 2034 379 2091 ciuntur.
842 2103 845 2110 ,

350 2136 398 2194 17.
421 2134 458 2195 cf.
483 2133 557 2191 Mau
580 2132 711 2194 B.d.I.
735 2133 815 2193 1885
839 2150 867 2208 p.
892 2135 991 2202 94,1.

348 2235 378 2295 S.
400 2234 503 2293 Persei
534 2251 667 2310 persona
698 2233 787 2308 galea
821 2241 933 2291 uncata
954 2241 1052 2306 tecta;
1086 2233 1169 2292 iuxta
1196 2252 1266 2293 eam
1300 2235 1395 2311 harpe

252 2335 402 2396 acclinata
424 2346 479 2396 est.
524 2335 564 2394 D.
586 2335 805 2392 Andromedae
832 2351 965 2410 persona
992 2333 1084 2409 flava;
1121 2335 1198 2393 inter
1231 2345 1391 2411 utramque

252 2437 321 2497 Ceti
344 2446 446 2514 capnt.

665 2544 846 2621 Anuplyphu
865 2547 978 2617 fictilia.

349 2685 397 2743 18.
420 2682 566 2760 Atticum,
589 2682 639 2740 ed.
661 2680 812 2738 Fraenkel
834 2681 870 2740 A.
893 2679 926 2740 Z.
954 2681 1035 2740 1879
1059 2681 1119 2740 tab.
1145 2686 1192 2743 ll.

255 2817 261 2828 ·
346 2784 546 2842 Andromeda
560 2783 698 2843 manibus
713 2783 807 2858 passis
829 2783 861 2838 in
875 2799 950 2839 saxo
968 2790 1044 2860 stat;
1068 2784 1152 2840 iuxta
1168 2801 1238 2842 eam
1262 2783 1387 2860 capsula

249 2894 281 2944 et
303 2885 455 2963 crepidae.
482 2884 610 2943 Perseus
631 2903 650 2942 a
670 2903 693 2942 s
717 2883 885 2942 adveniens
907 2882 984 2940 infra
1005 2882 1085 2941 illam
1108 2891 1168 2942 stat
1190 2885 1298 2943 baculo
1321 2885 1391 2944 rudi

249 2987 367 3045 innixus
390 3004 413 3048 s.
436 2985 573 3062 gladium
592 2993 627 3043 et
649 2985 756 3043 cibisin
777 2994 896 3045 tenens

349 3191 397 3252 19.
420 3182 452 3267 a)
474 3189 612 3247 Lucerna
634 3188 751 3247 Romae
784 3196 914 3265 reperta,
946 3189 998 3248 ed.
1025 3187 1391 3267 Bartoli-Bellori·Beger‚

178 3306 182 3316 ·
251 3291 397 3350 lucernae
417 3291 432 3348 Ι
453 3293 481 3351 9.
515 3289 717 3348 Montfaucon
739 3298 801 3348 ant.
824 3290 904 3364 expl.
929 3288 959 3346 V
979 3292 1051 3367 202,
1074 3292 1103 3348 2.

346 3387 379 3469 b)
402 3393 540 3451 eiusdem
575 3392 689 3451 fonnae
712 3401 843 3468 ectypon
866 3391 974 3450 melius
1006 3401 1158 3451 servatum
1180 3411 1257 3453 mus.
1293 3395 1394 3452 Rave-

252 3494 401 3564 steiniani,
424 3493 463 3556 ci.
486 3493 596 3552 Museo
612 3487 778 3553 Ravisteiu
796 3494 842 3551 111
874 3512 902 3570 p.
928 3496 989 3553 270
1011 3513 1040 3554 n.
1065 3497 1124 3554 347
1139 3513 1166 3564 a,
1188 3494 1394 3570 Heydemann

253 3597 272 3654 l.
296 3613 322 3654 c.
346 3595 380 3654 B.

346 3696 545 3756 Andromeda
566 3698 597 3756 in
628 3716 702 3756 saxo
726 3699 838 3756 sedens
862 3698 963 3773 capite
985 3697 1097 3756 reflexo
1120 3698 1301 3774 colloquitur
1323 3677 1391 3756 cuni

251 3797 373 3867 Perseo,
404 3798 456 3872 qni
489 3816 508 3854 a
541 3817 564 3857 a.
599 3799 720 3857 accedit
752 3816 844 3856 manu
881 3817 903 3860 s.
924 3798 1061 3875 gladium
1094 3815 1198 3857 umero
1229 3799 1392 3859 acclinans.

248 3898 331 3957 Infra
352 3915 460 3956 saxum
481 3907 650 3958 monstrum
673 3901 770 3959 sedet.
812 3898 849 3960 D.
872 3898 1014 3974 Cepheus
1035 3907 1068 3956 et
1083 3899 1240 3975 Cassiepia
1262 3900 1394 3977 colloqui

250 4001 400 4059 videntur.

345 4104 394 4161 20.
418 4102 496 4163 Mus.
518 4113 582 4164 nat.
606 4091 743 4180 Neapol,
767 4105 817 4164 ed.
841 4101 1046 4180 Heydemann
1070 4105 1088 4164 l.
1112 4122 1139 4162 c.
1163 4105 1224 4164 tab.
1248 4105 1342 4164 1111.

342 4203 544 4263 Andromeda
577 4206 687 4265 vestita
708 4206 739 4262 in
768 4223 842 4264 saxo
874 4207 964 4264 sedet
987 4207 1028 4263 ad
1059 4223 1083 4265 s.
1112 4223 1269 4275 conversa,
1306 4208 1390 4264 uude

246 4302 374 4363 Perseus
404 4307 557 4366 accedens
587 4323 711 4364 manum
741 4325 765 4366 s.
794 4306 1012 4365 Andromedae
1049 4323 1153 4364 umero
1182 4306 1324 4382 imponit,
1358 4309 1389 4370 d.

249 4406 365 4484 harpen
385 4415 491 4466 contra
513 4417 683 4466 monstrum
705 4408 836 4482 stringit.
