3154 5024
746 385 780 440 23

291 564 339 621 30.
363 561 422 621 An.
445 561 535 620 fictile
558 561 631 620 Meli
652 571 806 637 repertum
828 581 902 624 mus.
921 565 991 626 Brit.
1013 567 1063 623 ed.
1080 565 1236 640 Millingen
1256 566 1330 626 hnc.

190 661 483 731 uned.mon.113‚
507 661 800 746 Mueller-Wieseler
823 664 861 725 D.
885 684 912 725 a.
936 666 974 726 K.
1002 669 1049 740 14,
1076 668 1124 727 61.

289 762 417 820 Perseus
448 763 563 822 iuvenis
585 765 686 840 capite
707 765 821 822 reflexo
844 766 885 823 ad
909 768 939 827 d.
964 783 1044 843 equo
1067 767 1195 846 vehitur,
1220 787 1243 826 s.
1265 769 1331 844 gla·

191 866 273 924 dium
298 866 437 924 acumine
464 875 599 941 curvato,
627 868 657 925 d.
679 867 830 924 Medusae
858 877 951 943 caput
982 877 1113 944 portans.
1159 869 1220 927 Sub
1253 888 1331 945 equo

189 966 322 1026 Medusa
344 967 446 1024 tunica
468 967 560 1043 longa
583 968 690 1026 vestita
710 969 752 1026 ad
775 987 856 1044 gerru
883 987 906 1029 s.
922 971 1097 1044 procubuit3
1120 987 1155 1027 ex
1173 970 1237 1028 eius
1254 963 1331 1028 collo

192 1067 345 1143 Chrysaor
366 1071 466 1128 nudus
489 1068 648 1145 prominet.

291 1170 341 1229 31.
363 1169 475 1247 Tripus
498 1187 613 1228 aeneus
634 1189 710 1230 urus.
734 1172 834 1231 Berol.
859 1173 896 1232 cf.
921 1174 954 1230 B.
978 1190 1006 1232 a.
1030 1173 1062 1233 Β.
1085 1173 1113 1230 II
1138 1175 1205 1233 767.

289 1271 367 1330 Tres
387 1272 485 1347 pedes
506 1281 688 1348 superantur
716 1272 840 1349 singulis
869 1273 981 1350 liguris,
1013 1290 1138 1350 quarum
1167 1274 1262 1350 prima
1285 1283 1333 1331 est

191 1371 304 1450 Gorg0,
335 1374 469 1448 reliquae
492 1375 573 1432 duae
607 1373 659 1430 viri
682 1382 839 1432 currentes
862 1383 934 1432 sunt
956 1375 1036 1432 nulla
1058 1392 1091 1432 re
1111 1375 1253 1450 insignes.
1276 1374 1332 1431 'ln

188 1475 354 1551 exemplari
376 1491 489 1549 graeco
519 1474 549 1531 hi
582 1475 634 1532 viri
666 1476 750 1535 haud
779 1477 871 1534 dubie
894 1477 1016 1534 suerunt
1040 1475 1167 1536 Perseus
1198 1487 1230 1534 et
1251 1475 1331 1535 Mer·

190 1577 289 1636 curius
297 1570 329 1654 ¹).

289 1680 338 1740 32.
361 1677 491 1755 strigilis
514 1679 608 1738 attica
629 1679 724 1738 musei
747 1678 961 1752 BerolinensiS‚
986 1679 1018 1736 B.
1043 1699 1070 1738 a.
1092 1680 1126 1739 B.
1150 1679 1181 1736 11
1202 1681 1271 1754 202,
1287 1680 1328 1736 ed

188 1778 391 1854 Heydemann
413 1779 647 1840 Marmorbildw.
674 1798 710 1836 zu
733 1779 833 1838 Athen
857 1798 886 1854 p.
913 1783 981 1841 107.

291 1881 400 1956 Strigili
423 1883 534 1938 eadem
557 1881 655 1938 forma
678 1881 724 1939 bis
740 1881 923 1955 impressum
938 1890 985 1939 est
1001 1882 1119 1958 signum
1138 1883 1238 1941 ovale:
1262 1880 1332 1939 Per·

191 1999 261 2040 seus
284 1984 386 2041 nudus
407 2000 491 2040 crure
515 1999 538 2043 s
562 1983 683 2040 sublato
704 1983 744 2038 ad
768 1984 799 2042 d.
822 1983 944 2042 salione.
988 1982 1023 2039 In
1050 1983 1185 2058 margine
1214 1984 1332 2043 litterae

191 2080 250 2159 l'op
274 2093 405 2144 exstant.

290 2187 337 2247 33.
361 2185 534 2261 Anaglyphi
555 2185 715 2243 marmorei
725 2203 796 2261 pars
817 2185 947 2263 sinistra,
963 2186 1011 2243 ed.
1025 2185 1109 2244 Mon.
1126 2185 1326 2245 Matthaeian.

187 2287 331 2365 11128,1,
354 2287 454 2345 Braun
467 2287 525 2346 XII
547 2287 717 2358 Basreliefs‚
741 2289 782 2345 ad
804 2287 866 2348 tab.
888 2288 926 2366 X,
949 2287 1215 2346 Raonl-Rochette
1237 2288 1325 2346 choix

186 2405 216 2462 p.
240 2389 310 2448 301.
367 2385 368 2390 ’

287 2488 417 2549 Perseus
440 2509 508 2549 cum
530 2491 681 2550 Medusae
704 2491 804 2567 capite
830 2499 862 2548 et
882 2490 984 2567 gladio
1007 2493 1046 2550 ad
1068 2493 1099 2551 d.
1122 2490 1212 2547 currit
1233 2499 1326 2564 caput

189 2591 351 2650 reflectens
374 2593 416 2649 ad
437 2591 616 2664 Minervam,
640 2609 719 2668 quae
750 2593 886 2668 sequitur
908 2591 1036 2668 clipeum
1058 2609 1132 2668 prae
1160 2609 1193 2648 se
1215 2599 1324 2648 tenens

190 2689 308 2754 Dextra
330 2692 492 2769 anaglyphi
514 2711 583 2769 pars
605 2693 682 2751 infra
705 2689 747 2769 (R
772 2687 823 2772 11)
849 2695 1045 2753 describetur.

684 2895 829 2956 Gemmoe.

289 3049 338 3105 34.
364 3045 554 3105 Scarabaeus
576 3056 714 3105 etruscus
736 3064 813 3106 mus.
837 3048 936 3106 Berol.
959 3048 989 3104 Il
1012 3050 1060 3109 47.

288 3147 417 3206 Perseus
437 3149 538 3206 nudus
561 3143 703 3226 (Pherse)
727 3148 781 3205 alis
804 3149 966 3224 pedalibus
988 3149 1152 3207 instructus
1175 3167 1245 3206 curn
1266 3146 1330 3206 Me-

195 3249 292 3306 dusae
315 3250 414 3324 capite
437 3249 562 3324 pulchro
585 3251 678 3308 add.
702 3249 801 3310 currit.

286 3347 380 3406 Haud
403 3350 495 3408 dubie
518 3350 566 3407 hic
588 3360 636 3408 est
658 3352 851 3427 scarabaeus,
875 3369 966 3427 quern
989 3350 1084 3408 Lanzi
1106 3350 1192 3425 saggl
1213 3348 1241 3406 ΙΙ
1260 3352 1289 3424 4,
1311 3351 1329 3408 5

190 3459 222 3506 et
246 3449 340 3508 Millin
363 3448 400 3510 G.
424 3451 465 3510 M.
491 3453 559 3519 105,
585 3453 643 3510 386
667 3452 840 3511 ediderunt.
884 3453 979 3524 Quod
996 3453 1079 3526 apud
1101 3451 1167 3508 illos
1190 3451 1256 3508 alae
1279 3468 1331 3525 pe·

189 3551 275 3609 dales
299 3554 421 3621 desunt,
443 3554 567 3628 pictoris
592 3554 811 3628 neglegentiae
833 3554 1026 3611 tribuendum
1048 3553 1122 3609 erite

288 3655 336 3711 35.
365 3656 525 3730 Sardonyx
555 3673 633 3714 mus.
665 3655 901 3731 Petropolitani‚
934 3657 983 3714 ed.
1018 3654 1163 3729 Stephani
1196 3653 1329 3728 Apollon

189 3754 391 3812 Boedromios
414 3758 476 3816 tab.
500 3755 543 3812 IV
568 3761 596 3828 t,
620 3759 648 3816 8.

288 3855 415 3914 Perseus
438 3858 567 3933 pedibus
593 3858 680 3915 alatis
696 3876 750 3933 per
765 3876 837 3914 aera
853 3859 934 3915 volat
949 3859 978 3918 d.
994 3858 1119 3933 harpen,
1143 3873 1165 3915 S.
1180 3855 1331 3913 Medusae

189 3966 281 4033 caput
303 3959 416 4016 alatum
440 3960 639 4032 protendens
683 3959 717 4015 ln
745 3959 842 4016 altera
871 3967 957 4033 parte
986 3959 1110 4033 legitur:
1137 3951 1246 4032 φύ(γε)
1271 3973 1329 4016 πο-

189 4051 300 4132 δάγρα,
324 4053 474 4134 Περσεύς
497 4068 535 4119 σε
559 4055 658 4134 διώχι.

288 4272 432 4328 ¹Similem
466 4277 575 4342 figuram
603 4276 717 4327 hominis
748 4278 812 4326 nudi
837 4278 943 4342 eiusque
975 4275 1090 4340 crepidis
1118 4273 1192 4324 alatis
1217 4274 1330 4337 praediti

189 4365 222 4414 ad
241 4364 355 4416 dextram
383 4365 512 4415 currentis
542 4366 604 4418 edd.
623 4365 713 4415 Micali
739 4381 809 4416 mon.
839 4365 908 4416 iued.
932 4363 974 4424 19,
995 4363 1012 4414 4
1036 4371 1062 4414 et
1091 4363 1211 4413 Schoene
1237 4377 1327 4412 museo

188 4453 271 4504 Bochi
291 4455 318 4504 di
337 4455 421 4504 Adria
441 4453 481 4514 18,
504 4454 527 4506 l.
