3154 5024
754 389 788 451 hl

205 581 342 650 tempore
370 575 518 634 artissime
543 575 621 632 inter
647 592 679 632 se
708 573 872 632 cohaerere
900 583 1038 651 apparet;
1072 592 1120 634 ars
1147 585 1250 634 autem
1276 592 1346 652 pro·

203 677 282 733 xime
305 676 394 733 abest
416 692 435 732 a
457 675 574 750 magnis
598 692 675 750 quos
697 691 842 732 vocamus
870 683 1040 749 paterarum
1067 676 1242 752 pictoribus.
1284 677 1346 734 Re·

203 778 360 834 censenda
382 786 449 835 sunt
472 795 543 834 vasa
566 784 668 834 nostra
688 777 767 834 inter
788 782 921 833 crateras
944 776 1062 850 magnis
1087 769 1188 852 figuris
1212 785 1344 848 ornatas,

204 896 332 954 quarum
353 878 437 936 nulla
458 877 580 936 artificis
604 878 728 935 nornine
751 877 893 950 insignita
916 885 962 935 est
977 873 998 938 ¹.

301 979 459 1038 Habemus
484 980 575 1053 igitur
596 987 693 1037 totum
717 979 831 1053 cyclum
853 979 1036 1052 picturarum
1062 981 1104 1037 ad
1124 979 1256 1038 Danaen
1277 999 1344 1057 per-

201 1083 363 1139 tinentium
390 1081 468 1138 intra
498 1080 593 1155 prima
619 1080 733 1137 saeculi
759 1080 855 1154 quinti
882 1081 1032 1138 decennia
1054 1080 1180 1140 Athenis
1202 1091 1345 1158 ortorum,

203 1199 279 1257 quas
298 1199 363 1240 nou
384 1183 427 1238 ita
447 1181 543 1239 multo
563 1191 634 1257 post
656 1188 762 1240 secuta
786 1189 832 1238 est
852 1191 970 1240 cratera
986 1179 1176 1240 Cataniensis
1189 1182 1248 1243 N3
1272 1203 1344 1242 con·

203 1283 302 1341 tinans
325 1282 522 1358 Polydectem
545 1300 647 1341 coram
670 1279 805 1342 Danae2
826 1301 845 1340 a
867 1281 980 1340 Perseo
1010 1283 1042 1340 in
1064 1283 1198 1358 lapidem
1218 1302 1342 1342 conver·

202 1385 338 1444 tendum.
410 1413 412 1418 ·

302 1487 374 1560 Quo
398 1487 589 1564 factumest,
624 1497 658 1545 ut
688 1489 790 1547 fabula
818 1499 910 1546 antea
941 1488 1101 1547 artificibus
1128 1488 1235 1562 ignota
1259 1497 1344 1547 tanta

205 1589 303 1647 subito
326 1589 423 1664 gratia
447 1591 531 1663 apud
553 1607 694 1647 vasorum
716 1591 848 1664 pictores
869 1585 1008 1648 floreret?
1052 1587 1133 1647 Casu
1156 1591 1204 1647 vix
1224 1590 1344 1665 accidit,

203 1693 289 1766 quod
311 1693 421 1749 eodem
443 1699 580 1765 tempore
603 1709 664 1766 quo
687 1707 761 1748 vasa
782 1700 887 1748 nostra
910 1691 992 1749 facta
1015 1699 1095 1760 sunt,
1118 1691 1263 1768 Aeschyli
1284 1700 1344 1749 tra·

204 1793 324 1867 goediis
351 1791 453 1849 fabula
481 1791 620 1848 Danaeia
651 1792 887 1850 Atheniensibus
920 1801 993 1850 ante
1020 1792 1124 1851 oculos
1155 1795 1255 1868 posita
1287 1805 1343 1855 est.

204 1894 276 1967 Quo
300 1902 401 1952 autem
423 1895 518 1950 modo
534 1903 648 1968 poetae
664 1895 796 1951 scaenici
814 1895 1027 1969 inspiraverint
1042 1911 1183 1952 vasorum
1201 1895 1343 1972 pictores,

204 1995 343 2052 nondum
365 1994 438 2051 satis
461 2004 617 2071 expertum
640 2004 700 2065 est;
732 2013 804 2053 nam
829 1995 938 2072 figulos
959 2013 1021 2053 non
1041 1997 1179 2071 potuisse
1200 2014 1345 2056 scaenam

207 2095 353 2169 tragicam
381 2095 534 2154 delineare
560 2095 653 2153 hodie
683 2097 761 2152 inter
786 2096 865 2154 viros
895 2098 1005 2154 doctos
1036 2104 1167 2155 constat.
1211 2095 1259 2153 De
1284 2114 1346 2154 una

204 2197 339 2271 quadam
356 2197 413 2270 via,
438 2214 498 2271 qua
518 2197 671 2254 interdurn
694 2197 825 2255 fortasse
845 2197 1045 2273 explicandus
1065 2197 1103 2254 sit
1119 2199 1345 2272 tragoediarum

207 2307 237 2355 et
258 2315 399 2357 vasorum
421 2315 599 2366 consensus,
621 2297 699 2356 inira
722 2299 932 2373 disputaturus
956 2316 1031 2357 sum.

301 2400 420 2457 Eadem
441 2407 543 2457 aetate
565 2417 626 2476 qua
649 2416 722 2457 vasa
743 2401 817 2457 artis
840 2416 963 2457 severae
985 2399 1068 2476 pieta
1090 2408 1166 2478 sunt,
1191 2408 1276 2458 ortus
1295 2410 1344 2458 est
1392 2409 1394 2416 ⁴

203 2501 455 2576 sarcophagus
477 2500 623 2576 cyprius
646 2499 676 2558 K
699 2503 747 2574 28,
782 2518 874 2576 quem
900 2501 991 2559 ionici
1018 2499 1140 2559 artificis
1170 2519 1245 2576 opus
1275 2519 1344 2559 esse

205 2612 236 2660 et
250 2602 402 2660 Medusae
422 2602 523 2661 tunica
545 2603 638 2678 longa
660 2611 691 2660 et
712 2601 846 2676 Pegasus
868 2601 1080 2678 Chrysaorque
1103 2621 1141 2659 ex
1163 2602 1240 2659 illius
1264 2603 1343 2660 collo

202 2704 409 2779 prominentes
437 2704 602 2764 declarant.
646 2703 694 2760 De
722 2704 825 2762 cibisis
853 2704 950 2761 forma
978 2703 1120 2780 singulari
1139 2699 1256 2778 supra³
1278 2705 1343 2779 egi;

203 2811 362 2886 praeterea
385 2814 487 2863 autem
510 2805 710 2882 explicandus
732 2814 780 2863 est
801 2805 893 2874 caniS,
917 2805 968 2880 qui
990 2806 1070 2863 iuter
1087 2804 1248 2864 Medusam
1271 2822 1343 2862 con-

201 2907 355 2965 cidentem
370 2915 400 2965 et
415 2907 559 2966 Perseum
581 2908 786 2966 decedentem
809 2909 908 2968 sedet.
952 2905 1095 2965 Similiter
1115 2907 1147 2964 in
1168 2905 1341 2982 anaglypho

206 3009 343 3086 Trysaeo
366 3010 396 3068 K
418 3011 456 3070 29
480 3009 595 3084 aliquot
615 3009 771 3067 decenniis
792 3018 863 3083 post
887 3016 955 3065 orto
976 3006 1075 3066 bestia
1095 3009 1251 3082 quaedam
1272 3006 1340 3065 cani

203 3111 306 3170 similis
328 3120 400 3187 post
422 3112 529 3171 collem
551 3113 651 3185 sedet,
674 3129 764 3188 quem
780 3109 910 3167 Perseus
933 3109 1154 3184 praetercurrit.
1198 3107 1275 3180 Quis
1297 3117 1342 3166 est

201 3233 399 3252 u-fi——dnp—

301 3292 312 3330 ¹
330 3296 371 3348 Cf.
389 3313 413 3346 v.
433 3293 551 3346 Rohden
570 3294 640 3359 apud
653 3292 865 3342 Baumeisterum
878 3291 992 3343 Denkm.
1011 3291 1052 3340 III
1069 3307 1096 3356 p.
1111 3287 1187 3344 1990.
1224 3290 1343 3340 Proxime

202 3401 216 3435 a
234 3385 303 3436 vasis
323 3383 419 3434 nostris
438 3382 530 3442 abesse
550 3382 700 3448 amphoram
719 3381 809 3432 Croesi
828 3395 895 3445 qnae
915 3386 1021 3430 vocatur
1039 3377 1089 3445 (M.
1109 3379 1134 3430 d.
1153 3380 1176 3430 Ι,
1199 3375 1266 3441 [54)
1285 3393 1342 3443 per·

206 3473 292 3539 spexit
311 3473 396 3523 Klein
413 3471 583 3538 Euphronios
602 3487 627 3536 p.
657 3469 701 3525 44.

299 3556 311 3594 2
328 3560 463 3610 Mulierem
483 3559 618 3610 sedentem
631 3560 741 3608 Danaen
757 3556 891 3623 appellare
910 3557 1098 3606 dubitaverunt
1115 3556 1164 3604 viri
1183 3555 1263 3616 docti,
1283 3554 1343 3620 quia

203 3655 263 3698 tunc
282 3649 373 3699 Danae
391 3649 510 3713 exposita
533 3655 603 3698 esset
624 3648 774 3710 Gorgoneo.
811 3646 875 3695 Non
902 3652 967 3711 puto
996 3645 1032 3695 ita
1058 3643 1258 3707 intelligendum
1284 3659 1342 3693 esse

199 3738 303 3803 pictoris
322 3735 468 3787 consilium.
506 3738 533 3785 Is
553 3736 631 3803 enim,
650 3751 709 3785 cum
723 3735 890 3797 Gorgoneum
910 3748 925 3781 a
943 3733 1024 3782 latere
1044 3738 1213 3797 conspectum
1232 3731 1341 3796 pingere

202 3842 256 3878 non
269 3833 366 3893 posset,
386 3823 476 3876 secita
494 3825 578 3875 fronte
595 3830 777 3890 conspectum3
796 3823 883 3872 animo
903 3828 989 3872 autem
1008 3820 1158 3884 fingendum
1171 3828 1209 3870 est
1227 3819 1294 3869 illud
1308 3820 1342 3869 ad

201 3917 317 3966 dextram
336 3929 492 3966 conversum
516 3929 581 3964 esse.
618 3914 709 3978 Itaque
731 3912 783 3960 vim
808 3910 864 3959 eius
888 3909 1049 3975 experientur
1068 3917 1094 3958 et
1112 3922 1158 3957 rex
1176 3914 1201 3958 et
1219 3907 1263 3972 qui
1281 3915 1342 3972 post

201 4021 260 4056 enm
279 4011 329 4056 stat
347 4005 387 4053 vir
393 4021 399 4062 ;
420 4002 576 4070 Polydectes
597 4002 666 4052 enim
685 4003 713 4051 in
731 4000 847 4066 lapidem
860 4014 999 4049 conversus
1015 4003 1059 4047 est
1077 4013 1146 4046 cum
1165 3995 1232 4046 suis
1252 4010 1343 4045 secun-

199 4096 261 4144 dum
280 4091 460 4157 Pherecydem
479 4090 570 4158 (schol.
583 4092 637 4154 Ap.
657 4089 713 4141 Rh.
731 4089 770 4138 IV
790 4086 883 4150 1515);
910 4102 962 4136 nou
981 4085 1093 4135 allicitur
1112 4084 1201 4150 capitis
1220 4084 1245 4132 vi
1264 4083 1343 4133 noxia

199 4182 293 4232 mulier
311 4181 345 4231 ab
364 4179 444 4230 altera
460 4178 553 4228 Persei
572 4185 644 4245 parte
667 4177 770 4228 sedens.
808 4177 865 4240 Qua
895 4190 922 4224 re
950 4189 983 4224 ne
1011 4189 1076 4241 opus
1103 4178 1144 4222 est
1170 4171 1286 4238 quidem,
1313 4179 1342 4220 nt

199 4285 257 4322 cnm
276 4270 371 4320 Iahnio
389 4275 511 4335 putemus
523 4266 657 4330 Gorgonei
669 4267 721 4315 vim
739 4265 767 4314 in
778 4264 880 4328 pictura
894 4269 983 4312 nostra
996 4261 1128 4311 sublatam
1142 4257 1339 4329 (suspendiorl)

200 4376 265 4413 esse.
302 4359 430 4410 Similiter
448 4358 475 4406 in
493 4358 519 4406 N
538 4357 554 4408 ι’)
574 4355 666 4420 Dictys
688 4371 742 4404 nou
761 4353 896 4419 expositus
917 4359 956 4401 est
975 4351 1053 4416 capiti
1072 4349 1184 4402 letifero.

304 4445 315 4481 ⁸
332 4465 358 4526 p.
376 4447 419 4499 43.
