3154 5024
772 323 806 378 55

221 503 326 560 femori
347 502 532 570 infulciente,
555 503 639 578 quod
658 508 845 559 momentum
864 499 963 577 pictor
982 508 1135 559 mutuatus
1151 517 1221 558 esse
1238 499 1358 557 videtur

215 584 253 661 ai
276 602 408 661 Hercule
433 610 553 660 cervam
575 603 732 661 domante.
776 601 811 660 In
833 601 893 671 19,
911 603 958 671 10,
976 603 1012 660 13
1036 611 1068 660 et
1088 602 1173 677 apud
1189 600 1357 660 Lucianum

214 705 302 762 tertia
323 721 463 780 persona¹
479 704 601 762 accedit
622 703 759 762 Minerva
781 703 912 779 clipeum
932 712 1051 778 tenens,
1089 720 1181 779 quam
1203 699 1357 778 composi·

216 803 308 864 tionis
322 793 467 879 ¹integrae
488 813 606 880 partem
629 803 722 862 fuisse
744 821 783 862 eo
806 821 928 880 quoque
950 804 1103 880 probatur,
1137 804 1222 880 quod
1247 805 1279 861 in
1301 820 1355 862 an-

213 906 384 984 tiquissimo
406 907 545 982 exemplo
569 905 614 963 17
638 907 664 964 si
689 915 807 982 partem
834 907 975 964 amissam
1002 906 1197 984 restituimus,
1232 914 1352 964 tantum

214 1007 303 1084 spatii
334 1007 512 1084 relinquitur
543 1015 690 1082 quantum
723 1007 878 1066 Minervae
911 1007 1007 1082 figura
1041 1008 1186 1082 expletur.
1236 1005 1354 1064 Artifex

213 1109 303 1184 igitur
323 1109 460 1184 repetivit
481 1116 616 1166 veterem
638 1109 891 1184 compositionem
913 1117 1055 1184 metopae
1072 1107 1261 1166 Selinuntiae
1277 1125 1353 1166 suae

213 1209 321 1268 aetatis
350 1210 474 1284 ingenio
501 1197 681 1285 adaptatam
693 1204 714 1269 ¹.
758 1210 860 1285 Atque
888 1209 1043 1268 clarissimi
1074 1210 1199 1284 quidem
1232 1207 1356 1266 artificis
1402 1273 1405 1284 ¹

215 1327 292 1386 opus
325 1309 416 1368 fuisse
450 1317 715 1368 monumentorum
745 1289 918 1367 nostrorum
951 1310 1106 1385 exemplar
1137 1326 1265 1368 necesse
1299 1317 1358 1376 est,
1386 1381 1389 1386 Ι

214 1409 299 1486 quod
321 1424 401 1466 anno
425 1411 543 1468 circiter
565 1429 592 1470 a.
609 1409 642 1469 C.
657 1428 687 1471 n.
702 1409 764 1469 400
788 1419 887 1468 ortum
909 1411 1003 1470 etiam
1025 1409 1145 1470 infimae
1167 1409 1355 1485 antiquitatis

215 1510 379 1570 artificibus
401 1512 541 1587 exemplo
564 1520 656 1573 esset.

312 1611 361 1669 De
385 1614 452 1671 aevi
473 1613 621 1672 inferioris
644 1614 733 1681 vasis,
757 1632 836 1690 quae
853 1615 1183 1673 adAndromedam
1205 1631 1224 1670 a
1239 1613 1354 1672 Perseo

217 1714 373 1774 liberatam
394 1715 557 1790 pertinent,
579 1715 737 1774 Hermann
758 1716 867 1775 Fedde
890 1716 1146 1792 Trendelenburg
1169 1715 1286 1773 Robert
1306 1731 1357 1770 ac·

215 1825 322 1875 curate
349 1813 503 1894 egerunt²
533 1837 631 1895 eaque
658 1820 804 1896 inspirata
826 1838 901 1878 esse
923 1820 1124 1878 Andromeda
1146 1817 1249 1875 fabula
1271 1816 1358 1875 Euri·

215 1917 308 1994 pidea
329 1919 542 1994 probaverunt.
586 1917 689 1978 Unum
719 1929 823 1979 autem
853 1922 1020 1979 tenendum
1051 1927 1106 1988 est,
1140 1919 1226 1994 quod
1248 1919 1356 1976 merito

216 2018 472 2094 Trendelenburg
493 2019 611 2095 pressit,
635 2038 753 2080 summa
768 2039 889 2098 semper
904 2023 1043 2080 libertate
1058 2017 1188 2078 artifices
1204 2027 1355 2078 tractasse

217 2121 417 2196 tragoediam.
461 2121 597 2196 Euripidi
620 2123 743 2197 quidem
766 2124 872 2181 deberi
899 2124 1019 2181 videtur
1034 2123 1161 2180 Perseus
1186 2121 1280 2196 harpe
1301 2121 1355 2177 ad·

213 2239 318 2280 versus
331 2221 440 2281 Cotum
454 2239 595 2298 pugnans
612 2241 753 2281 vasorum
777 2223 847 2294 Qs,
859 2228 893 2300 4;
917 2225 1002 2300 quod
1024 2232 1128 2281 autem
1147 2224 1178 2280 in
1202 2222 1356 2298 plerisque
1458 2263 1460 2268 .

213 2323 343 2382 vasculis
366 2323 569 2383 Andromeda
591 2325 716 2400 alligata
740 2333 787 2382 est
809 2325 897 2400 lignis
919 2325 1125 2394 arboribusve,
1158 2325 1198 2382 de
1222 2339 1278 2381 suo
1300 2324 1356 2381 ad·
1455 2321 1456 2324 ’
1521 2379 1524 2388 ,

213 2425 358 2483 dideruut
378 2425 522 2500 pictores,
556 2427 664 2500 quibus
688 2443 795 2485 saxum
817 2427 864 2484 cui
887 2427 971 2503 apud
995 2426 1170 2502 Euripidem
1193 2423 1284 2482 affixa
1307 2431 1354 2482 est

174 2543 175 2546 ’
212 2526 413 2584 Andromeda
441 2526 594 2585 difficilius
623 2527 664 2584 ad
692 2528 882 2602 pingendum
904 2527 998 2586 visum
1020 2537 1074 2588 est.
1119 2526 1220 2584 Unum
1243 2542 1353 2584 monu-

213 2635 348 2686 mentum
378 2611 469 2702 plane
501 2645 569 2686 cum
597 2629 757 2704 tragoedia
784 2645 951 2704 congruere
978 2629 1113 2704 videtur:
1147 2627 1351 2705 anaglyphum

212 2727 303 2787 fictile
325 2727 354 2802 Q
378 2730 416 2788 18
446 2729 530 2787 haud
558 2731 601 2787 ita
627 2729 721 2787 multo
748 2737 819 2806 post
841 2730 1070 2788 Andromedam
1099 2739 1200 2788 actam
1222 2728 1350 2787 Athenis

211 2838 321 2888 ortum.
364 2829 423 2888 Hic
445 2830 573 2889 Perseus
596 2833 691 2888 modo
714 2831 883 2890 adveniens
907 2833 999 2888 etad
1021 2831 1166 2906 virginem
1194 2832 1260 2906 rupi
1287 2829 1351 2887 affi-

211 2948 281 2989 xam
304 2930 472 3006 suspiciens
495 2950 527 2990 re
549 2951 622 2992 vera
644 2933 747 2992 dicere
769 2933 905 2992 videtur.

408 3028 479 3102 Ἔα,
503 3029 560 3095 τίν’
583 3029 683 3109 ὄχθον
705 3027 792 3095 τόνδ’
815 3030 883 3110 ὁρῶ
904 3029 1093 3110 περρίρντον

410 3129 505 3214 ἀφρῷ
528 3131 698 3212 θαλάσσης
720 3133 884 3211 παρθένου
906 3130 933 3196 τ’
957 3130 1030 3196 εἰκώ
1051 3153 1122 3197 τινα

411 3231 444 3298 ἐξ
467 3231 684 3313 αὐτομόρφων
706 3235 827 3299 λαΐνων
850 3233 1060 3313 τειχισμάτων

411 3338 529 3420 σοφῆς1
545 3333 672 3411 ἄγαλμα
694 3333 804 3414 χειρός
826 3331 874 3415 (fr.
899 3341 957 3396 125
981 3337 1044 3410 Ν.).

309 3438 374 3496 Iam
396 3440 606 3514 quaerendum
628 3448 676 3496 est
698 3458 802 3497 nonne
825 3439 887 3496 ulla
909 3439 969 3495 alia
990 3457 1028 3496 ex
1042 3439 1143 3496 multis
1159 3457 1238 3516 quae
1251 3438 1353 3496 Persei

211 3540 348 3598 fabulam
380 3548 585 3599 tractaverunt
618 3541 785 3614 tragoediis
819 3539 947 3614 vestigia
981 3539 1131 3615 reliquerit
1162 3541 1192 3597 in
1222 3539 1352 3616 Magnae

214 3639 365 3698 Graeciae
387 3641 476 3700 vasis¹

309 3743 336 3799 A
356 3741 541 3799 Benndorfio
558 3741 802 3818 Vorlegebliitter
825 3758 882 3800 ser.
907 3741 930 3797 B
951 3740 1027 3799 IV‘l
1051 3749 1122 3816 post
1144 3741 1353 3817 Millingenum

210 3843 303 3919 peint.
328 3853 388 3902 ant.
413 3845 452 3902 de
476 3860 565 3902 vases
589 3845 628 3902 23
650 3845 760 3900 iterum
780 3843 864 3898 edita
888 3851 934 3898 est
956 3844 1071 3917 pictura
1094 3842 1172 3900 vasis
1194 3842 1225 3898 in
1246 3842 1354 3900 biblio·

215 4006 412 4016 Μ

309 4094 404 4148 ¹Non
429 4112 502 4148 secus
531 4111 560 4146 ac
583 4102 698 4146 veterem
724 4095 945 4161 compositionem
964 4095 1071 4146 Amasis
1091 4094 1160 4161 (12)
1184 4093 1355 4144 recentiorem

209 4189 316 4241 mutavit
335 4186 437 4236 vasculi
454 4184 503 4238 18
526 4186 611 4252 pictor
634 4185 744 4234 inducto
768 4198 815 4250 pro
839 4183 960 4234 Minerva
979 4183 1119 4244 Mercurio,
1148 4183 1194 4249 qui
1216 4183 1249 4232 ab
1273 4181 1355 4232 altera

209 4279 337 4329 Medusae
356 4279 430 4340 parte
448 4273 560 4323 accurrit
578 4273 705 4324 Perseum
727 4271 871 4323 adiuturus.

306 4361 377 4416 ²Cf.
398 4363 491 4428 scripta
509 4378 535 4428 p.
555 4360 572 4413 2
592 4361 707 4412 laudata.
