3154 5024
700 329 733 387 lt

204 607 249 688 Ib.
290 612 363 685 Pro
393 611 532 686 Perseo
560 601 735 684 Miner'va
761 607 986 704 aggreditur
1013 605 1227 681 Medusam.

538 765 596 825 Vas
613 765 727 838 pteram
746 763 797 836 rip.
820 764 885 822 rub.

240 918 382 978 Stamnus
406 917 507 975 Volcis
536 916 685 988 inventus,
719 911 758 972 cf.
789 914 830 970 de
853 909 944 969 Wittc
972 919 1031 970 cat.
1061 909 1115 969 dtr.
1140 911 1189 983 st,
1222 916 1281 969 cat.
1347 953 1349 959 .

143 1018 288 1093 Beugnot
311 1019 359 1077 34.
1235 1085 1265 1098 A!

239 1118 376 1176 Minerva
388 1118 476 1176 hasta
491 1117 568 1193 petit
586 1116 752 1174 Medusam
775 1115 902 1190 antiquo
924 1130 1008 1170 more
1030 1113 1133 1171 fictam
1148 1113 1285 1188 singulos

143 1226 299 1293 serpentes
320 1219 461 1277 manibus
483 1226 649 1278 tenentem.
691 1217 740 1275 Ab
756 1218 849 1275 altera
873 1215 1030 1274 Minervae
1053 1223 1141 1300 parte
1158 1213 1288 1294 Perseus

142 1319 259 1376 iuvenis
282 1320 381 1394 capite
404 1337 511 1378 averso
534 1319 671 1394 gladium
695 1318 821 1392 stringit.

177 1643 230 1718 K.
267 1645 427 1719 Perseus
454 1655 541 1740 post
569 1642 769 1718 Medusam
796 1640 1040 1718 interfectam
1070 1638 1242 1717 discedit.

378 1795 580 1853 Monumenta
604 1812 684 1872 quae
706 1813 745 1853 ex
768 1795 873 1852 litteris
897 1795 1045 1854 novimus.

240 1967 266 2008 a.
297 1948 371 2007 Hes.
393 1947 476 2007 Scut.
503 1948 597 2008 Herc.
622 1966 668 2005 vv.
694 1949 848 2008 ata-37.
894 1946 1023 2006 Perseus
1061 1945 1241 2006 describitur
1269 1964 1288 2004 a

146 2049 267 2108 duabus
291 2047 487 2123 Gorgonibus
510 2050 651 2126 agitatus.
696 2049 730 2106 In
752 2051 864 2107 eodem
886 2052 960 2108 orbe
984 2057 1090 2127 portus
1113 2057 1179 2105 erat
1200 2047 1288 2123 pisci·

141 2153 199 2208 bus
222 2149 349 2209 refertus
377 2159 408 2209 et
438 2152 583 2226 piscator,
616 2168 693 2226 quos
726 2168 794 2208 cum
826 2169 939 2209 scaena
972 2159 1077 2210 nostra
1108 2148 1288 2207 coniunctos

145 2251 238 2311 fuisse
261 2253 390 2311 coniecit
415 2252 519 2311 Brunn
541 2250 620 2313 Abh.
643 2253 673 2312 d.
696 2253 769 2312 bair.
793 2251 849 2314 Ak.
870 2253 914 2311 XI
936 2271 966 2328 p.
989 2255 1037 2312 20.
1327 2323 1332 2336 ι

242 2354 271 2414 b.
304 2354 375 2412 Eur.
406 2353 452 2413 El.
481 2354 542 2414 458
569 2371 609 2414 ss.
641 2353 787 2412 describit
817 2353 941 2412 Achillis
978 2360 1105 2422 scutum,
1139 2352 1223 2410 cuius
1256 2339 1312 2409 in¹

144 2455 282 2529 margine
297 2453 426 2513 Perseus
441 2454 592 2512 Medusae
613 2463 706 2529 caput
724 2463 849 2530 portans
866 2463 899 2512 et
913 2453 1082 2513 Mercurius
1098 2469 1191 2528 super
1203 2469 1287 2511 mare

146 2555 311 2631 fugiebant.

245 2677 271 2715 c.
293 2658 329 2716 In
352 2676 423 2717 arca
445 2656 564 2735 Cypseli
584 2659 747 2734 Gorgones
770 2659 869 2717 alatae
887 2658 1033 2716 Perseum
1049 2656 1204 2714 volantem
1217 2673 1287 2731 per·

144 2768 269 2817 secutae
292 2759 381 2818 fictae
412 2768 507 2819 erant.
550 2759 672 2819 Nomen
694 2761 805 2818 Perseo
840 2760 896 2817 soli
923 2743 1111 2834 adscriptum
1148 2765 1213 2815 erat
1236 2751 1287 2831 (cf.

144 2860 222 2919 infra
244 2860 274 2918 K
300 2855 332 2940 6)
354 2861 442 2922 Paus.
466 2862 494 2918 V
519 2864 565 2938 18,
591 2865 617 2922 5.

243 2963 274 3022 d.
297 2962 489 3038 Pythagoras¹
515 2964 673 3041 Rheginus
704 2965 777 3022 fecit
800 2964 904 3022 Persei
929 2972 1071 3038 statuam,
1106 2981 1185 3038 quae
1206 2957 1287 3020 ‘alas

143 3057 290 3123 habebat'
314 3063 374 3122 Dio
396 3063 501 3141 Chrys.
525 3083 567 3124 or.
592 3069 641 3136 37,
667 3068 704 3125 10
728 3061 771 3142 (p.
796 3067 854 3125 106
871 3065 914 3140 R).

243 3183 269 3224 e.
298 3166 386 3242 Myro
416 3159 507 3225 ‘fecit
528 3177 561 3225 et
580 3163 759 3226 Perseum’1
782 3166 857 3226 Plin.
884 3169 933 3244 34,
958 3169 1007 3226 57.
1050 3165 1190 3224 Eandem
1226 3173 1287 3222 sta·

144 3275 228 3325 tuam
250 3266 416 3326 Pausanias
440 3269 515 3325 vidit
536 3269 566 3325 in
590 3287 660 3327 arce
677 3269 882 3327 Athenarum:
908 3263 1068 3342 Μύρωνος
1092 3261 1226 3342 Περσέα
1249 3262 1286 3325 τὸ
1395 3333 1398 3338 ,

144 3365 181 3443 ἐς
202 3363 379 3430 Μέδουσαν
401 3365 497 3444 ἔργον
520 3365 730 3445 εἰργασμένον
753 3366 781 3447 (Ι
804 3372 851 3439 23,
875 3365 918 3446 7).

146 3551 344 3562 ——--—..

250 3650 260 3688 ¹
279 3655 353 3719 Quae
372 3661 515 3720 sequuntur
533 3656 613 3706 verba
630 3649 670 3704 ‘et
688 3647 791 3720 pristas'
813 3669 871 3704 cum
890 3654 991 3704 Perseo
1012 3651 1172 3714 coniungere
1192 3649 1286 3700 frustra

142 3741 228 3792 conati
247 3748 306 3791 sunt
323 3742 371 3792 viri
388 3744 468 3794 docti.
505 3744 602 3794 Obstat
620 3743 746 3809 imprimis
760 3743 908 3793 Pausaniae
931 3741 1122 3805 testimoninm3
1141 3739 1195 3787 duo
1216 3737 1286 3787 enim

143 3831 234 3882 Persei
252 3832 374 3896 Myronei
394 3832 525 3882 statuendi
545 3840 641 3894 essent,
668 3833 689 3882 si
709 3827 732 3883 e.
751 3848 776 3895 g.
795 3831 892 3896 pristas
904 3845 964 3880 esse
983 3821 1097 3880 monstra
1116 3827 1215 3876 marina
1233 3841 1287 3874 cre·

144 3920 274 3972 deremus.
312 3919 379 3967 Prae
408 3919 500 3970 ceteris
525 3921 667 3971 infeliciter
686 3935 768 3985 nuper
786 3921 824 3971 M.
844 3920 938 3984 Meyer
955 3917 1067 3968 coniecit
1088 3914 1196 3982 (Athen.
1214 3914 1286 3965 Mitt.

144 4009 214 4058 XVI
232 4023 258 4072 p.
277 4004 341 4071 246)
361 4009 449 4058 verbis
468 4009 607 4059 ‘Perseum
635 4016 661 4058 et
688 4001 792 4075 pristas’
814 4007 957 4071 significari
979 4007 1089 4056 Danaen
1113 4011 1140 4053 et
1161 4004 1286 4053 Perseum

144 4113 228 4148 coram
247 4096 354 4146 Acrisio
375 4104 401 4146 et
418 4097 498 4146 fabris
528 4098 645 4162 lignariis
665 4113 724 4147 area
742 4096 926 4155 includendos,
953 4111 1020 4160 quos
1042 4092 1156 4142 vidimus
1174 4092 1201 4141 in
1219 4091 1287 4140 vasis

143 4187 221 4252 pictis
240 4187 263 4234 B
283 4185 306 4247 1,
326 4185 351 4239 2.
370 4207 371 4212 ¹
388 4183 453 4252 Quis
474 4186 579 4236 tandem
605 4187 685 4238 talem
715 4201 835 4236 scaenam
854 4191 960 4234 vocaret
978 4184 1105 4234 Perseum
1124 4188 1150 4230 et
1170 4177 1286 4246 pristas?

143 4271 239 4336 Neque
257 4272 327 4321 enim
345 4273 458 4322 Perseus
477 4288 525 4322 nec
544 4274 619 4324 faber
638 4271 764 4338 lignarius
783 4274 879 4339 primas
892 4277 979 4338 partes
994 4271 1048 4335 agit
1060 4271 1087 4320 in
1100 4269 1156 4318 iilis
1169 4268 1287 4335 picturis,

144 4364 191 4414 sed
200 4365 290 4416 Danae
301 4372 327 4415 et
336 4364 466 4416 Acrisius.
483 4363 523 4416 Cs.
536 4363 679 4427 Collignon
689 4363 760 4415 Hist.
771 4363 839 4414 dela
850 4361 982 4428 sculpture
993 4374 1107 4424 grecque
1117 4375 1143 4424 p.
1152 4355 1214 4418 465,
1224 4355 1286 4410 tii.

1073 4447 1089 4502 2
