3154 5024
796 376 830 430 44

235 551 334 612 varias
357 550 474 610 formas
496 552 616 628 accepit
636 552 675 610 ab
698 551 866 612 artificibus.
909 553 1129 628 Antiquissima
1144 553 1241 614 sorma
1257 555 1376 614 videtur

234 670 302 712 esse
334 671 446 728 magna
477 653 528 712 illa
557 670 640 729 pera,
669 672 761 730 qnam
782 653 937 714 Hesiodus
961 647 1130 714 describit¹
1151 674 1303 734 quamque
1327 677 1374 721 re·

233 755 370 836 perimus
392 755 423 812 in
445 755 572 814 vasculis
591 755 805 831 antiquissimis
827 757 858 814 K
877 760 904 835 1,
929 759 1027 826 4—63
1065 775 1139 834 prae
1162 759 1270 818 ceteris
1292 777 1379 820 accu-

237 864 304 916 rata
324 856 406 933 picta
428 857 528 916 estin
549 857 580 916 K
602 859 629 916 6.
672 857 765 918 Paulo
787 858 911 917 inferior
928 859 1047 918 videtur
1069 877 1137 919 esse
1161 861 1251 919 fiscus
1274 871 1379 920 rotun·

240 958 299 1016 dus
321 966 373 1017 aut
393 975 486 1016 manu
507 966 646 1034 portatus
668 959 754 1016 utin
767 959 797 1020 K
816 961 843 1029 8,
867 961 954 1019 llaut
967 980 985 1017 e
1000 960 1110 1023 baculo
1133 961 1273 1037 pendens
1296 971 1330 1021 ut
1352 963 1382 1022 in

202 1120 204 1128 .
237 1059 428 1138 sarcophago
445 1061 547 1137 cyprio
565 1060 594 1118 K
611 1063 658 1122 28.
702 1060 780 1119 Tale
795 1061 1028 1120 instrumentum
1045 1080 1114 1121 esse
1136 1064 1381 1140 antiquissimum

237 1162 385 1220 docemur
404 1170 484 1220 testa
497 1161 668 1247 Mycenaea
686 1163 770 1221 edita
792 1182 810 1222 a
832 1163 1081 1238 Furtwaenglero
1102 1173 1132 1224 et
1149 1164 1347 1228 ,Loeschckio
1360 1163 1381 1242 2,

238 1264 270 1322 in
297 1281 359 1339 qua
384 1262 483 1340 pictus
513 1272 560 1322 est
588 1263 680 1322 homo
710 1265 751 1324 ad
778 1266 917 1325 dextram
948 1265 1101 1346 gradiens,
1135 1268 1185 1342 qui
1209 1268 1318 1326 baculo
1340 1269 1381 1326 ad

238 1383 374 1424 umemm
407 1364 557 1424 acclinata
589 1373 691 1440 portat
719 1383 782 1424 rem
810 1367 966 1442 quandam
996 1369 1167 1427 rotundam.
1219 1369 1257 1429 In
1286 1369 1381 1444 expli·

241 1467 342 1525 canda
366 1473 447 1524 testa
468 1466 603 1524 editores
625 1466 685 1526 iam
706 1469 750 1525 ad
772 1467 995 1544 sarcophagum
1009 1477 1148 1528 nostrum
1162 1469 1381 1546 relegaverunt.

338 1567 408 1626 Hae
431 1569 512 1625 duae
534 1565 650 1626 formae
672 1568 809 1643 quamvis
832 1569 967 1626 variatae
987 1587 1043 1645 per
1057 1578 1154 1628 totam
1169 1570 1382 1647 antiquitatem

243 1678 430 1740 manserunt,
462 1669 519 1728 nisi
539 1671 623 1745 quod
651 1670 821 1746 sculptores
853 1671 997 1746 temporis
1025 1672 1173 1731 inferioris
1195 1692 1290 1751 saepe
1318 1691 1383 1732 om-

241 1771 315 1830 nino
338 1771 503 1830 omiserunt
520 1772 627 1830 cibisin
642 1780 676 1830 ut
694 1772 751 1831 sibi
766 1772 924 1831 molestam
940 1780 972 1830 et
986 1771 1186 1850 Gorgoneum
1201 1774 1268 1852 ipsa
1282 1774 1383 1834 Persei

241 1889 334 1931 manu
355 1881 512 1948 portatum
533 1873 693 1934 finxerunt.

341 1972 400 2031 Pro
426 1973 511 2032 cibisi
533 1973 647 2032 habere
677 1991 740 2032 non
765 1992 890 2051 possum
912 1993 975 2034 rem
998 1977 1181 2052 quadratam
1204 1977 1242 2036 ab
1264 1977 1383 2036 adules-

244 2076 367 2136 centulo
389 2076 420 2134 in
440 2083 548 2152 patera
569 2076 678 2134 rhodia
693 2077 790 2134 musei
805 2073 1032 2136 Berolinensis3
1046 2086 1208 2154 portatam.
1251 2078 1382 2137 Adules-

236 2184 358 2236 centem
380 2177 462 2236 illum
484 2185 612 2253 propter
629 2178 662 2236 id
676 2179 911 2238 instrumentum
926 2188 958 2237 et
971 2189 1092 2256 propter
1107 2199 1202 2240 uncos
1217 2181 1381 2256 caligarum

241 2276 384 2337 Perseum
401 2279 627 2354 appellaverunt
642 2279 694 2337 viri
710 2281 802 2340 docti.
842 2279 948 2339 Uncos
964 2290 1067 2340 autem
1081 2299 1182 2357 neque
1202 2283 1266 2340 alas
1280 2299 1382 2357 neque

236 2379 340 2440 Persei
361 2381 501 2457 proprios
525 2399 593 2440 esse
616 2383 827 2442 demonstrare
849 2401 939 2460 supra
961 2392 1090 2443 conatus
1111 2402 1191 2462 sum;
1214 2392 1309 2461 atque
1330 2383 1381 2442 fis·

235 2480 310 2539 cella
326 2481 376 2540 illa
391 2484 543 2558 quadrata
558 2499 650 2559 quam
671 2482 833 2558 plurimum
855 2483 989 2542 distata
1010 2484 1131 2562 reliquis
1152 2485 1251 2544 cibisis
1277 2484 1380 2544 formis

239 2599 341 2656 neque
374 2582 435 2641 ullo
466 2585 561 2642 modo
595 2592 669 2661 apta
701 2592 748 2643 est
774 2587 816 2644 ad
841 2585 1054 2661 excipiendum
1084 2594 1176 2662 caput
1209 2586 1384 2650 humanum.

238 2682 313 2742 Tale
343 2685 577 2744 instrumentum
608 2686 759 2744 invenitur
786 2687 865 2744 inter
887 2686 1128 2762 suppellectilem
1149 2688 1330 2748 muliebrem
1352 2698 1383 2748 et

238 2785 270 2842 in
293 2802 385 2846 manu
407 2784 534 2862 Cephali
555 2788 641 2863 pueri
663 2787 702 2846 ab
718 2786 836 2846 Aurora
858 2787 962 2864 agitati
973 2783 994 2847 4.
1040 2787 1203 2848 Praeterea
1226 2807 1245 2846 a
1268 2787 1380 2852 Perseo

238 2885 354 2944 alienus
388 2895 436 2944 est
467 2888 562 2958 canis,
597 2889 649 2965 qui
675 2889 753 2948 inter
782 2888 989 2947 adulescentis
1017 2890 1114 2948 nostri
1140 2891 1238 2966 pedes
1261 2901 1293 2948 et
1315 2891 1381 2966 ipse
1440 2879 1442 2885 ’

237 2988 279 3046 ad
304 2988 443 3047 dextram
472 2988 570 3050 currit.
616 2987 733 3060 Quibus
764 2990 804 3046 de
835 2989 935 3048 causis
964 3007 981 3045 e
1008 2991 1149 3066 catalogo
1172 3010 1242 3052 meo
1270 2992 1385 3052 exclusi

238 3087 381 3148 Perseum
403 3091 486 3148 illum
508 3092 560 3166 qui
582 3091 742 3150 videbatur
764 3107 832 3149 esse
857 3091 1096 3168 antiquissimus.

337 3190 445 3250 Telum
479 3211 551 3270 quos*
566 3191 698 3251 Perseus
723 3192 815 3250 utitur
841 3195 882 3251 ad
910 3191 1072 3252 Medusam
1103 3194 1320 3254 debellandam
1356 3196 1387 3254 in

236 3293 439 3350 monumentis
473 3292 618 3352 archaicis
650 3294 682 3352 in
713 3293 772 3352 hac
807 3312 929 3370 quoque
964 3313 996 3354 re
1033 3295 1273 3370 congruentibus
1313 3314 1383 3356 cum

237 3394 330 3452 Scuto
352 3394 512 3453 Hesiodeo
538 3389 748 3470 (μελάνδετον
777 3389 838 3470 ἄορ
860 3413 886 3455 ν.
912 3390 984 3471 221)
1011 3396 1192 3470 gladius
1215 3405 1274 3454 est.
1320 3396 1380 3458 Pro

236 3490 361 3571 gladio]
369 3481 492 3555 saeculo
514 3494 624 3572 {quinto
651 3496 795 3554 inductus
823 3504 870 3554 est
900 3497 996 3554 culter
1022 3505 1163 3555 curvatus
1188 3497 1255 3558 falci
1277 3499 1381 3558 similis

237 3599 301 3656 sive
320 3597 380 3658 ialx
394 3599 470 3675 ipsa,
497 3599 606 3674 quibus
626 3598 728 3656 formis
751 3597 880 3655 artifices
902 3597 1067 3672 exprimere
1091 3599 1250 3656 voluerunt
1265 3593 1380 3679 ἅρπην,

239 3717 330 3776 quam
352 3701 524 3758 secundum
547 3699 752 3774 Pherecydem
774 3698 901 3756 Perseus
924 3718 943 3756 a
958 3698 1096 3756 Vulcano
1118 3700 1246 3775 accepit.
1290 3703 1384 3776 Apud

236 3801 408 3859 Hesiodum
423 3802 569 3859 Saturnus
584 3800 698 3877 harpe
712 3801 803 3858 utitur
816 3801 857 3856 ad
872 3799 1077 3858 resecandum
1093 3798 1185 3858 Urani
1202 3802 1380 3862 membrum.

236 3902 271 3960 In
293 3902 496 3960 monumentis
519 3902 630 3959 nostris
653 3902 747 3959 semel
770 3901 898 3959 occurrit
919 3900 980 3960 salx
1004 3910 1119 3960 serrata
1141 3901 1182 3974 (K
1212 3899 1263 3978 17)
1276 3897 1298 3977 ⁵,
1322 3920 1382 3979 qua

337 4074 346 4111 ¹
366 4078 406 4130 Ci.
426 4077 496 4138 Sittl,
514 4081 548 4129 A.
567 4079 593 4144 J.
610 4079 637 4127 11
654 4093 679 4142 p.
695 4075 754 4130 185.

334 4161 537 4234 2Mykenische
556 4167 646 4218 Vasen
664 4167 718 4218 tab.
732 4164 775 4232 41,
795 4181 820 4216 n.
834 4163 895 4217 425.

336 4251 347 4290 ³
365 4255 399 4309 N.
413 4253 492 4323 3917,
512 4256 554 4308 ed.
574 4254 713 4306 Salamann
730 4254 756 4305 la
774 4252 918 4320 necropole
936 4253 970 4303 de
990 4253 1090 4304 Camire
1109 4253 1163 4306 tab.
1176 4252 1221 4320 55,
1235 4253 1262 4307 2.

333 4341 482 4395 ⁴Gerhard
500 4345 556 4395 Etr.
576 4343 621 4410 Sp.
641 4343 703 4398 179.
1197 4367 1198 4372 ¹

334 4430 403 4485 ὅθί,
422 4433 632 4500 instrumentum,
661 4449 713 4498 quo
732 4433 819 4482 Iolaus
838 4432 865 4482 in
886 4447 946 4481 vase
965 4432 1047 4495 nigris
1067 4431 1156 4494 figuris
1175 4439 1268 4482 ornato
1288 4429 1337 4499 (M.
1352 4433 1378 4485 d.
