3154 5024
805 367 820 418 8

341 536 450 596 Danae
477 538 563 596 nuda
584 537 615 595 in
629 539 710 595 lecto
731 539 873 607 accubat,
896 539 1018 597 inferior
1034 541 1168 616 corporis
1188 559 1257 616 pars
1287 541 1384 601 deest.

242 638 358 696 Aurum
380 637 478 699 lineae
501 637 602 700 inlvae
622 637 719 700 instar
739 638 901 697 delabitur.

749 836 878 898 demna.

343 959 371 1017 9.
393 955 591 1032 Amethystns
614 955 684 1013 olim
707 973 725 1014 a
746 954 840 1013 libero
855 956 970 1014 barone
996 956 1035 1015 de
1052 956 1200 1016 Gleichen
1220 975 1381 1034 possessus

244 1060 292 1117 ed.
320 1055 479 1116 Ouerbeck
501 1057 518 1116 l.
542 1075 566 1116 c.
591 1056 813 1115 Gemmentafel
834 1056 862 1112 V
884 1060 911 1118 4.

327 1157 456 1216 'Danae
477 1159 570 1227 nuda,
596 1158 654 1215 nisi
676 1159 761 1233 quod
790 1176 875 1216 crura
895 1159 1075 1217 vestimento
1098 1161 1244 1229 velantur,
1278 1163 1319 1220 ad
1352 1162 1382 1222 d.

249 1261 388 1320 subsidet
409 1261 547 1320 manibus
568 1259 695 1317 sublatis
716 1267 818 1334 guttas
841 1261 989 1318 rotundas
1011 1261 1164 1337 excipiens
1175 1257 1195 1322 ¹.

731 1457 886 1529 Nummus,

350 1579 396 1639 10.
419 1575 456 1636 N.
478 1577 607 1652 Argivus
631 1573 780 1633 Hadriani
805 1592 880 1634 mus.
900 1574 973 1633 Brit.
995 1575 1045 1635 ed
1067 1575 1218 1646 Gardner,
1245 1581 1383 1642 numism.

242 1698 352 1740 comm.
374 1687 408 1737 to
430 1677 519 1738 Pauo.
542 1678 603 1736 tab.
626 1675 819 1737 GG‘XXIII.

345 1781 454 1840 Danae
475 1781 507 1837 in
529 1778 602 1836 sella
621 1779 662 1836 ad
685 1795 707 1839 s.
730 1778 820 1837 sedet
841 1778 981 1837 manibus
1002 1779 1217 1840 vestimentum
1229 1784 1382 1858 pandens;

244 1884 327 1942 sinus
343 1883 462 1940 videtur
483 1881 585 1939 nudus
605 1895 681 1939 esse.

320 2162 363 2237 B.
401 2161 532 2237 Danae
558 2161 607 2236 ab
631 2161 785 2266 Acrisio
814 2172 923 2258 patre
950 2187 1060 2238 arcae
1086 2163 1306 2261 imponitur.

642 2315 720 2374 Vasa
740 2315 820 2387 picta
839 2314 890 2388 fia.
912 2315 977 2374 rab.

344 2450 369 2509 1.
391 2447 538 2508 Craterae
563 2447 623 2506 Al
651 2464 721 2522 pars
743 2447 847 2506 altera.

340 2552 376 2609 In
398 2569 470 2610 arca
492 2549 606 2608 Danae
628 2549 669 2607 ad
692 2549 723 2608 d.
746 2556 808 2606 stat
823 2549 966 2607 Perseum
989 2551 1105 2607 nudum
1119 2548 1241 2608 brachio
1259 2560 1385 2622 tenens3

242 2673 270 2714 a.
294 2671 315 2715 s.
340 2633 425 2712 faber
444 2652 590 2728 lignarius
611 2667 705 2726 super
727 2668 829 2708 arcam
856 2651 1066 2710 seinclinans
1096 2649 1237 2712 terebra2
1260 2653 1290 2710 ei
1317 2670 1387 2727 ope·

242 2771 306 2814 ram
331 2755 412 2814 dat.¹
437 2753 475 2812 D.
498 2753 632 2810 Acrisius
660 2759 721 2810 stat
754 2767 877 2809 manum
899 2752 929 2812 d.
951 2753 1151 2828 protendens
1179 2771 1202 2814 s.
1225 2731 1391 2830 scipionem

243 2850 381 2913 tenensi

342 2957 370 3016 2.
397 2954 529 3014 Cratera
545 2953 719 3013 Caeretana
735 2972 811 3013 mus.
835 2953 987 3030 Petropol.
1004 2973 1033 3014 n.
1052 2953 1143 3016 1357.
1170 2957 1220 3016 ed.
1244 2956 1390 3027 Welcker‚

244 3058 322 3117 nnn.
348 3055 434 3116 Mon.
456 3056 532 3115 inst.
558 3056 636 3115 raso
659 3056 721 3115 tab.
744 3058 773 3127 a,
797 3058 833 3114 A.
847 3055 885 3115 n.
902 3054 939 3115 v.
963 3037 1093 3132 tauri,
1109 3058 1138 3127 2,
1154 3054 1314 3115 Overbecr
1329 3058 1346 3115 1.
1361 3039 1389 3116 'c.

243 3159 331 3220 Atlas
356 3159 418 3217 tab.
441 3157 528 3217 V14.

341 3257 479 3317 Mediam
512 3258 660 3334 picturam
694 3275 765 3316 arca
795 3266 891 3336 tenet,
918 3259 967 3315 cui
990 3275 1009 3313 a
1032 3274 1056 3317 s.
1088 3258 1264 3333 operculum
1296 3257 1391 3333 affigit

242 3361 371 3421 iuvenis.
407 3360 436 3419 S.
458 3359 592 3417 Acrisius
615 3366 677 3416 stat
692 3376 817 3416 manum
832 3377 856 3418 s.
873 3359 984 3416 tollens
994 3374 1001 3428 ;
1025 3360 1088 3419 ad.
1106 3358 1212 3417 mulier
1226 3355 1389 3436 (Eurydice

242 3457 394 3542 nimirum)
418 3461 539 3520 accedit
559 3460 700 3518 manibus
727 3460 887 3536 protentis,
915 3477 1005 3536 quam
1036 3461 1172 3537 seqnitur
1192 3460 1302 3521 Danae
1326 3479 1389 3519 ma·

243 3583 315 3624 num
337 3565 369 3626 d.
393 3561 510 3631 tollens,
534 3579 557 3622 s,
572 3559 718 3619 Perseum
741 3561 891 3620 infantem
913 3569 1049 3636 portans
1072 3562 1123 3637 qui
1144 3562 1258 3638 etipse
1275 3572 1388 3621 utrum·

243 3684 302 3742 que
324 3663 481 3723 brachium
502 3662 668 3738 protendit.

245 3821 442 3833 ...ιω-ψ’·-

342 3938 411 3990 ¹De
430 3938 540 4004 reliquis
559 3954 626 4004 qnae
649 3939 682 3988 ad
699 3935 808 3989 Danaen
827 3939 974 3988 reseruntur
993 3939 1102 4002 gemmis
1122 3940 1153 3991 cs.
1175 3940 1314 3990 Ouerbeclr
1333 3942 1351 3993 1.
1366 3958 1388 3993 c.

241 4045 268 4096 p.
288 4027 354 4082 409.

342 4113 412 4168 ²Ita
433 4117 618 4184 appellandum
637 4132 694 4167 esse
711 4115 779 4166 illud
798 4117 998 4166 instrumentum
1016 4117 1190 4182 Heydemann
1210 4117 1299 4168 docuit
1310 4119 1345 4170 A.
1356 4121 1384 4170 Ζ.

244 4205 315 4260 1872
332 4221 358 4272 p.
377 4205 420 4259 37.

344 4289 498 4345 ⁸Nominis
517 4295 614 4344 Acrisii
633 4294 704 4358 quod
724 4293 882 4358 adscriptum
902 4294 1021 4344 videmus
1048 4294 1073 4343 in
1103 4293 1326 4354 delineationibus‚
1353 4310 1386 4343 ne

243 4383 383 4448 vestigium
403 4383 514 4452 quidem·
527 4383 619 4436 adesse
637 4381 765 4450 Stephani
782 4381 922 4434 coufirmat.
