3154 5024
736 357 770 413 57

183 540 223 596 de
252 539 351 597 causis
381 540 423 597 ad
454 539 551 614 ipsam
570 537 714 594 'fabulam
741 537 938 612 Euripideam
970 537 1174 596 revocandam
1207 555 1321 595 censeo

183 641 333 716 picturam
355 649 502 717 nostram,
523 639 581 697 nisi
603 640 689 715 quod
710 639 806 714 pictor
822 639 973 696 contraxit
990 639 1068 696 duas
1084 655 1229 711 scaenas3
1250 656 1322 696 uam

187 759 254 800 cum
277 748 420 816 quattuor
442 758 592 816 personae
612 758 675 798 non
697 758 760 798 una
780 756 855 812 esse
867 740 897 798 in
914 757 1026 820 scaena
1042 739 1169 814 possint,
1191 757 1320 814 necesse

181 852 229 901 est
251 841 450 918 Polydectem
472 843 505 899 in
531 842 592 900 alia
619 841 798 915 tragoediae
820 848 907 917 parte
928 859 997 898 cum
1021 840 1130 916 Dictye
1153 848 1184 898 et
1204 840 1321 911 Danae,

181 944 212 1002 in
235 943 296 1002 alia
320 960 387 1000 cum
411 942 523 1001 Perseo
547 961 648 1020 agere.

280 1043 418 1102 Vidimus
439 1045 596 1118 quomodo
616 1051 729 1119 poetae
745 1051 778 1100 ut
793 1042 960 1118 Aeschylus
976 1042 1142 1118 Sophocles
1159 1041 1322 1118 Euripides

181 1143 284 1203 Persei
313 1144 447 1204 fabulam
477 1144 733 1202 conformaverint
763 1152 794 1201 et
824 1143 984 1202 artificibus
1014 1144 1208 1202 tractandam
1233 1162 1320 1219 prae-

182 1247 315 1316 buerint3
348 1246 408 1302 iam
431 1262 622 1321 quaeramus,
657 1245 731 1319 quid
752 1245 855 1320 magni
879 1243 1008 1302 artifices
1029 1244 1087 1319 ipsi
1116 1245 1158 1302 ad
1186 1243 1320 1303 fabulam

181 1347 365 1405 tradendam
387 1354 480 1421 atque
504 1347 712 1404 exornandam
734 1345 892 1406 valuerint.

279 1447 328 1504 De
350 1446 604 1522 Thrasymede
634 1448 695 1505 iam
727 1464 819 1525 supra
851 1456 954 1505 actum
987 1454 1047 1515 est;
1084 1455 1205 1524 praeter
1237 1449 1318 1508 illum

181 1550 323 1607 Perseum
353 1549 550 1608 caelaverunt
575 1547 762 1630 Pythagoras
784 1547 939 1624 Rheginos
962 1542 1004 1626 (K
1012 1542 1047 1624 d)
1070 1555 1103 1605 et
1124 1548 1210 1624 Myro
1234 1550 1319 1607 cuius

181 1658 281 1707 statua
302 1649 333 1706 in
355 1667 427 1707 arce
439 1649 629 1707 Athenarum
645 1650 796 1707 collocata
810 1656 876 1706 erat
891 1645 980 1725 (Ke).
1009 1649 1061 1707 Ad
1075 1649 1321 1725 Pythagorae

181 1752 327 1809 Perseum
352 1750 481 1809 sortasse
504 1749 664 1808 referenda
686 1758 755 1808 sunt
777 1751 879 1825 capita
901 1749 924 1807 P
947 1752 975 1819 5,
998 1752 1027 1823 6,
1059 1767 1140 1825 quae
1163 1751 1205 1807 ad
1226 1753 1322 1810 medii

181 1853 296 1912 saeculi
315 1853 412 1928 quinti
433 1851 588 1926 exemplar
609 1852 752 1928 redeunt,
775 1851 904 1910 formam
926 1861 1029 1910 autem
1050 1870 1069 1909 a
1090 1852 1238 1927 capitibus
1253 1852 1320 1930 My·

179 1955 278 2012 roneis
309 1953 461 2012 diversam
489 1952 648 2028 praebent.
693 1951 771 2010 Cum
796 1953 843 2010 his
873 1961 1037 2028 cognatum
1066 1971 1136 2011 esse
1163 1972 1320 2013 nummum

180 2057 353 2132 cyzicenum
376 2053 580 2130 antiquiorem
603 2053 626 2110 P
649 2057 687 2113 29
710 2054 771 2112 iam
795 2072 885 2129 supra
913 2054 1086 2114 monstravi.
1130 2055 1180 2112 Ad
1203 2055 1321 2130 Myro-

180 2175 263 2216 nem
285 2157 397 2215 reierre
419 2158 520 2218 malim
542 2156 688 2216 Perseum
715 2159 835 2217 stateris
857 2156 999 2234 Cyziceni
1026 2160 1203 2218 recentioris
1226 2158 1250 2217 P
1273 2163 1321 2230 30,

182 2259 294 2334 quippe
319 2276 389 2318 cum
420 2259 498 2316 illius
531 2260 641 2318 aetatis
669 2260 800 2335 cyziceni
831 2260 974 2335 plurimas
1007 2269 1124 2319 statuas
1155 2261 1265 2320 atticas
1289 2261 1321 2318 in

183 2361 312 2418 nummis
335 2361 397 2418 suis
420 2361 622 2436 repetiverint,
645 2362 726 2419 velut
744 2361 913 2437 Cecropem
930 2362 1150 2438 Triptolemum
1165 2362 1322 2421 Tellurem

180 2471 373 2538 tyrannorum
396 2463 618 2522 interfectores.
663 2463 774 2521 Parum
797 2472 900 2521 autern
922 2483 961 2522 ex
987 2465 1037 2522 illo
1066 2471 1177 2521 statere
1205 2482 1318 2540 cogno·

180 2564 286 2632 scitur,
310 2567 467 2640 quomodo
487 2575 571 2625 mota
594 2567 680 2625 suerit
705 2585 785 2642 quae
809 2567 972 2643 exemplari
991 2567 1045 2624 fuit
1063 2574 1174 2644 statua,
1197 2566 1269 2643 quia
1289 2567 1321 2624 in

180 2684 304 2723 nummo
320 2667 448 2724 Perseus
471 2669 513 2726 ad
535 2669 682 2744 sagittarii
698 2668 875 2726 Daricorum
897 2669 1069 2744 exemplum
1088 2686 1190 2742 genua
1212 2667 1316 2744 flectit,

180 2785 244 2842 quo
266 2766 299 2824 fit
322 2776 355 2824 ut
377 2777 460 2826 totus
483 2771 616 2844 corporis
639 2770 758 2828 habitus
781 2771 957 2828 immutetur
968 2766 990 2830 ¹.

279 2869 415 2928 Pictores
447 2870 578 2929 fabulam
609 2880 745 2930 nostram
778 2879 926 2930 tractasse
958 2871 1069 2929 scimus
1101 2869 1236 2938 Niciam,
1269 2871 1320 2945 qui

179 2971 275 3046 pinxit
303 2971 433 3028 Danaen
460 2967 541 3050 (Aa)
573 2980 603 3028 et
626 2973 856 3030 Andromedam
878 2965 942 3050 (R),
973 2981 1006 3030 et
1027 2972 1235 3050 Artemonem,
1269 2971 1321 3047 qui

180 3061 415 3130 iecit‘Danaen
436 3072 615 3131 mirantibus
635 3091 704 3130 earn
726 3059 948 3149 praedonibus’
971 3069 1010 3152 (C
1019 3070 1059 3149 b).
1102 3072 1192 3130 Hanc
1216 3073 1323 3131 Arte·

181 3173 301 3232 monis
323 3174 473 3249 picturam
495 3191 551 3231 suo
573 3161 635 3232 iure
658 3192 827 3251 agnoscere
851 3175 906 3232 sibi
927 3175 981 3232 visi
1004 3183 1073 3232 sunt
1094 3175 1148 3230 viri
1162 3170 1270 3232 docti2
1291 3174 1322 3231 in

182 3275 363 3349 imaginibus
385 3275 580 3351 Pompeianis
604 3274 737 3344 C3-8‚
761 3295 839 3351 quae
862 3276 992 3334 Danaen
1014 3275 1160 3334 exhibent
1181 3275 1223 3333 ad
1245 3275 1322 3332 Seri-

179 3373 233 3451 phi
258 3393 343 3434 oram
366 3378 535 3452 appulsam,
560 3395 652 3452 quam
674 3377 869 3436 circumstant
888 3377 1065 3453 piscatores.
1109 3375 1220 3434 Omnia
1242 3376 1322 3433 enim

182 3496 261 3554 quae
290 3487 410 3536 servata
434 3487 504 3535 sunt
527 3496 580 3536 sex
611 3479 750 3554 exempla
777 3481 818 3535 ad
846 3480 977 3537 eandem
1004 3479 1149 3555 originem
1182 3478 1321 3554 redeunt,

180 3580 252 3638 licet
274 3581 405 3638 varietur
427 3580 586 3656 figurarum
608 3598 750 3639 numerus
772 3575 815 3658 (in
836 3579 893 3638 C8
915 3580 1024 3638 Danae
1047 3580 1113 3638 sola
1136 3588 1192 3647 est,
1217 3579 1248 3635 in
1266 3576 1322 3637 03

181 3690 241 3739 tres
263 3683 310 3738 vel
334 3690 486 3757 quattuor,
520 3684 551 3740 in
580 3683 701 3758 reliquis
730 3691 784 3741 aut
812 3700 890 3740 unus
914 3692 967 3740 aut
989 3683 1050 3739 duo
1076 3682 1245 3758 piscatores
1268 3681 1323 3737 ad-

180 3781 272 3856 sunt).
315 3782 449 3842 Numero
480 3800 535 3841 suo
565 3784 722 3841 declarant
751 3784 886 3858 picturae
913 3783 981 3841 illae
1009 3801 1042 3841 se
1073 3783 1227 3840 derivatas
1251 3799 1321 3840 esse

279 4037 412 4089 1Eodem
437 4039 516 4088 modo
541 4039 667 4105 plurimas
691 4039 783 4104 figuras
808 4046 972 4089 mutaverunt
994 4041 1118 4106 Cyziceni
1136 4041 1218 4091 veluti
1234 4043 1323 4091 Iovem

180 4129 335 4196 Apollinem
353 4127 471 4178 Silenum
491 4125 634 4178 Herculem
652 4127 778 4178 Demetra
795 4127 947 4193 Victoriam,
977 4127 1008 4179 cs.
1031 4128 1109 4177 Head
1136 4127 1198 4182 hist.
1226 4145 1321 4183 numm.

200 4215 285 4270 ,452Ι

180 4235 197 4284 p
278 4302 347 4358 2Cs.
373 4306 472 4368 Helbig
501 4305 737 4369 Untersuchuugen
763 4305 829 4354 iiber
854 4305 898 4355 die
917 4301 1103 4372 {campanische
1124 4307 1322 4358 Wandmalerei

180 4413 205 4462 p.
228 4395 289 4454 1455
309 4395 448 4445 Overbeclr
467 4387 722 4459 Kunstmythologie
743 4395 789 4446 des
807 4396 874 4444 Zeus
896 4411 922 4460 p.
940 4391 1002 4447 412.
