3154 5024
752 387 786 454 49

193 585 291 663 aptior
328 585 391 643 visa
427 591 483 644 est.
539 582 584 639 Ac
620 587 765 654 metopae
799 578 927 636 formam
964 585 1160 635 servaverunt
1192 575 1337 653 pleraque
1369 569 1373 576 ’

195 685 282 746 huius
305 704 435 745 scaenae
457 689 669 758 monumenta3
692 679 900 755 antiquissima
923 686 971 736 est
993 685 1119 754 metopa
1140 677 1243 753 templi
1263 677 1338 735 Seli-

193 791 290 848 nuntii
313 788 346 858 C,
371 779 455 864 quod
477 785 560 844 haud
581 785 624 842 ita
644 783 738 840 multo
761 787 832 856 post
853 780 1043 838 Selinuntem
1062 780 1219 838 conditam
1242 773 1283 856 (a.
1309 799 1336 838 a.

196 890 229 952 C.
250 910 280 952 n.
305 893 377 962 628)
399 888 593 946 aedificatum
616 903 683 943 esse
707 892 813 942 censet
829 881 990 939 Benndorf
999 877 1020 942 ¹.
1064 879 1129 938 Iam
1144 880 1192 938 hic
1208 880 1337 938 eaedem

195 999 288 1067 atque
320 993 351 1049 in
382 990 534 1066 plerisque
561 989 658 1044 etiarn
684 985 801 1046 serioris
830 983 938 1042 aetatis
965 983 1169 1041 monumentis
1199 990 1259 1040 tres
1283 982 1338 1040 ad·

195 1100 266 1149 sunt
280 1107 443 1169 personae:
466 1088 624 1146 Perseus
640 1087 795 1144 Medusa
809 1085 986 1142 Minerva.
1018 1083 1151 1157 Quartus
1166 1085 1197 1141 in
1208 1091 1337 1159 metopa

195 1195 315 1252 accedit
336 1193 500 1268 Pegasus
523 1191 629 1258 alatus,
657 1206 748 1264 quem
771 1187 902 1244 Medusa
925 1185 1054 1243 brachiis
1077 1185 1219 1261 amplexa
1242 1193 1336 1243 tenet.

195 1293 286 1352 Hunc
308 1313 368 1370 ego
390 1310 492 1368 neque
514 1311 554 1348 ex
573 1291 706 1366 prolepsi
726 1290 865 1346 additum
888 1289 925 1346 ab
948 1288 1073 1353 artifice,
1104 1295 1137 1344 ut
1158 1288 1250 1362 vulgo
1272 1303 1338 1343 cre-

197 1396 274 1452 dunt
286 1391 308 1464 2,
331 1413 431 1468 neque
453 1411 470 1450 e
494 1393 649 1467 sanguinis
672 1391 756 1448 stillis
778 1392 888 1468 ortum,
911 1391 968 1447 sed
991 1406 1022 1446 re
1044 1406 1114 1446 vera
1135 1396 1254 1463 partum
1269 1405 1338 1446 esse

199 1515 218 1553 a
238 1495 371 1553 Medusa
402 1494 589 1552 crediderim.
634 1493 749 1550 Artifex
772 1492 966 1564 Selinuntius,
1003 1503 1036 1549 ut
1064 1508 1154 1565 supra
1180 1491 1240 1548 iam
1266 1490 1338 1557 dixi,

196 1596 285 1654 aliam
322 1597 518 1653 traditionem
551 1602 672 1652 secutus
705 1602 753 1650 est
785 1601 878 1670 atque
904 1593 1062 1652 Hesiodus
1093 1593 1181 1668 eique
1208 1591 1338 1649 artifices

197 1697 249 1771 qui
272 1695 423 1772 Pegasum
446 1715 464 1754 e
487 1697 638 1755 Medusae
660 1696 739 1755 collo
760 1697 965 1772 prodeuntem
987 1696 1135 1756 lecerunt.
1272 1683 1276 1695 ’

301 1797 427 1854 Perseus
450 1799 486 1858 in.
501 1798 559 1856 hac
581 1815 692 1855 scaena
715 1797 794 1854 solet
816 1796 958 1854 imberbis
979 1815 1057 1856 esse.
1101 1797 1238 1854 Minerva
1260 1814 1341 1872 quae
1423 1839 1424 1842 η

197 1899 286 1955 adest
308 1899 338 1954 in
360 1898 373 1955 I
392 1901 402 1958 l
423 1903 488 1958 et6
514 1907 585 1973 post
600 1899 746 1957 Perseum
770 1907 832 1956 stat
853 1900 950 1957 velata
972 1899 1056 1957 nullo
1078 1899 1224 1956 attributo
1247 1898 1339 1973 insig-

195 2000 269 2069 nita,
305 2017 366 2075 qua
387 2018 419 2056 re
442 2018 510 2058 eam
534 2000 702 2057 Minervam
724 2001 878 2076 appellare
907 2000 980 2057 olim
1010 2000 1160 2059 dubitavit
1182 2000 1344 2059 Benndorf

197 2102 217 2158 l.
234 2119 258 2161 c.
275 2119 304 2176 p.
322 2102 371 2162 44.
415 2102 505 2175 Quae
523 2102 694 2160 doctissimi
716 2103 769 2159 viri
790 2103 941 2161 dubitatio
959 2103 1082 2160 solvitur
1094 2103 1340 2178 inscriptionibus

197 2203 388 2260 vasorumE
415 2207 428 2261 l
453 2204 482 2260 K
507 2209 534 2281 1,
567 2205 730 2279 inquibus
754 2214 785 2261 et
815 2205 887 2279 ipsis
909 2204 1045 2262 Minerva
1076 2203 1225 2261 attributis
1247 2210 1340 2280 caret,

200 2311 295 2378 atque
318 2321 355 2361 eo
378 2307 463 2378 quod
484 2306 515 2362 in
536 2306 566 2362 K
590 2308 607 2364 6
629 2305 736 2363 mulier
764 2305 814 2362 illa
837 2305 939 2363 velata
961 2305 1061 2364 Persei
1082 2320 1204 2362 manum
1228 2303 1340 2378 dirigit,

200 2421 281 2479 quae
317 2405 526 2480 antiquissima
557 2407 653 2464 forma
686 2407 787 2463 auxilii
816 2425 835 2462 a
868 2405 1007 2464 Minerva
1039 2406 1150 2463 Perseo
1184 2405 1237 2462 lati
1271 2422 1340 2464 esse

199 2507 318 2564 videtur
331 2503 351 2565 3.
382 2514 384 2518 '

298 2607 357 2665 Pro
385 2608 522 2666 Minerva
550 2609 670 2666 Amasis
702 2609 733 2665 in
769 2609 783 2665 I
812 2610 828 2667 3
863 2609 982 2666 induxit
1015 2607 1199 2666 Mercurium
1227 2607 1339 2666 Perseo

200 2710 325 2768 similem
348 2711 386 2768 ab
408 2710 504 2767 altera
526 2709 674 2766 Medusae
697 2718 783 2784 parte
805 2718 1023 2778 accurrentem,
1048 2726 1108 2784 quo
1139 2707 1254 2766 factum
1282 2717 1337 2780 est,

199 2819 232 2867 ut
254 2819 415 2886 utrumque
438 2811 575 2884 picturae
597 2812 676 2867 latus
698 2819 879 2885 congrueret
900 2818 932 2868 et
954 2811 1081 2867 alterum
1104 2811 1189 2867 alteri
1214 2825 1340 2884 respou-

197 2913 285 2969 deret
296 2908 317 2970 4.

297 3013 380 3070 Inter
406 3014 630 3089 antiquissimas
660 3031 750 3088 porro
773 3015 906 3089 picturas
928 3013 1120 3088 mythologas
1149 3015 1341 3073 recensenda

197 3122 245 3172 est
268 3114 293 3172 E
318 3119 331 3172 1
368 3116 401 3173 in
433 3117 556 3174 vasculo
591 3117 675 3191 quod
698 3115 844 3174 Chalcide
872 3117 1051 3173 fabricatum
1078 3133 1147 3174 esse
1173 3125 1205 3173 et
1235 3134 1283 3173 ars
1310 3125 1341 3174 et

199 3217 413 3291 inscriptiones
437 3217 604 3279 declarant.
650 3215 798 3275 Videmus
821 3228 883 3290 tres
898 3216 1084 3292 Nymphas
1107 3235 1186 3293 quae
1201 3217 1340 3274 Perseo

197 3336 216 3375 a
238 3316 404 3376 Minerva
434 3318 580 3375 comitato
608 3319 738 3388 offerunt
760 3320 901 3395 crepidas
931 3320 1026 3377 alatas
1053 3328 1193 3394 petasum
1223 3319 1339 3377 cibisin.

198 3417 316 3488 Quibus
338 3419 376 3476 de
399 3420 487 3477 rebus
511 3437 603 3495 supra
631 3421 817 3494 disputatum
850 3430 904 3478 est.
949 3420 1088 3478 Eandem
1118 3437 1261 3478 scaenam
1289 3419 1342 3476 Gi·

196 3521 296 3578 tiades
326 3521 497 3578 caelaverat
523 3522 554 3580 in
579 3521 736 3579 Minervae
762 3521 934 3580 Chalcioeci
967 3523 1091 3597 templo,
1121 3521 1178 3579 nisi
1205 3523 1289 3597 quod
1315 3523 1341 3580 is

197 3622 275 3678 duas
305 3629 423 3679 tantum
452 3620 606 3696 Nymphas
637 3624 757 3698 galeam
789 3632 820 3680 et
857 3623 996 3699 crepidas
1026 3631 1184 3697 portantes
1218 3623 1341 3680 finxisse

196 3723 324 3780 videtur.

296 3820 473 3894 Quartum
501 3826 594 3900 mythi
626 3836 812 3886 momentum
840 3828 901 3886 iam
931 3829 970 3884 ab
1002 3826 1218 3902 antiquissimis
1250 3825 1340 3883 artifi-

196 3925 280 3982 cibus
302 3933 466 3985 tractatum
488 3944 555 3985 esse
577 3928 717 4004 proximo
740 3929 863 3986 demum
890 3936 1028 4003 tempore
1052 3927 1262 4002 comperimus.
1306 3926 1341 3983 In

295 4166 305 4204 1
324 4167 379 4218 Die
397 4165 524 4229 Metopen
543 4179 596 4216 von
614 4165 736 4216 Selinunt
754 4181 779 4231 p.
799 4162 842 4217 26.

294 4260 306 4298 2
325 4261 365 4312 Cf.
386 4272 409 4306 e.
429 4270 454 4318 g.
473 4254 520 4304 Six
539 4255 573 4304 de
593 4254 720 4318 Gorgone
738 4271 765 4320 p.
783 4253 827 4306 80.

296 4349 308 4385 ³
327 4351 367 4401 cf.
387 4344 517 4414 Apollod.
539 4342 609 4404 114,
629 4342 655 4406 2,
674 4342 692 4395 8
712 4339 940 4408 κατευθυνούσης
958 4339 1011 4405 τὴν
1030 4342 1109 4406 χεῖρα
1126 4337 1252 4403 Ἀθηνᾶς.

297 4435 309 4473 4
326 4440 399 4488 Haec
420 4434 513 4485 eadem
532 4432 732 4497 compositionis
752 4433 835 4481 forma
847 4437 940 4498 postea
954 4429 1065 4495 repetita
1079 4434 1125 4493 est,
1145 4426 1288 4488 ciinlrap.
1299 4421 1342 4477 55.

1128 4514 1146 4568 4
