3154 5024
753 401 787 456 39

298 584 346 642 14.
372 583 513 640 Lucerna
542 579 638 638 fictilis
670 578 767 636 musei
793 577 1028 644 Ravesteiniani‚
1063 578 1099 637 cf.
1124 577 1201 639 Mus.
1225 577 1301 637 Rav.
1325 581 1337 636 Ι

197 701 226 760 p.
249 685 309 744 289
331 704 363 742 n.
387 685 457 744 347.

297 788 345 848 15.
368 787 424 846 An.
446 802 522 846 mus.
545 783 673 858 Neapol.
696 783 746 841 ed.
764 782 841 843 Mus,
866 781 959 840 Borb.
982 781 1025 838 VI
1047 782 1097 840 40.

202 891 204 896 ’
293 887 422 945 Videtur
444 903 514 944 esse
536 904 583 946 an.
608 887 643 943 ll
668 892 789 958 atergo
812 890 1027 959 conspectum3
1051 882 1180 941 Perseus
1204 903 1223 940 a
1242 901 1266 943 s.
1290 902 1338 942 ac·

195 990 280 1049 cedit
309 991 352 1047 ita
384 997 417 1047 ut
439 989 648 1066 spectantibus
676 995 793 1062 tergum
815 983 970 1060 advertat'3
1004 985 1157 1060 Gorgonis
1185 993 1275 1061 caput
1307 984 1338 1041 in

194 1109 286 1151 manu
307 1092 372 1150 eius
395 1091 588 1167 conspicitur.

293 1195 341 1253 16.
363 1191 534 1268 Anaglyphi
566 1191 652 1249 vitrei
675 1191 878 1266 fragmentum
912 1206 988 1247 mus.
1012 1189 1124 1264 Lupor.
1147 1190 1197 1250 ed.
1222 1189 1339 1247 Raoul-

195 1295 349 1354 Rochette
372 1293 461 1352 choix
482 1312 513 1368 p.
537 1293 609 1362 315,
633 1296 661 1351 1.

294 1395 397 1452 Persei
419 1395 515 1470 figura
529 1392 620 1469 priori
643 1393 763 1466 similis;
787 1393 1006 1451 Andromedae
1022 1393 1093 1450 nihil
1109 1393 1167 1451 nisi
1182 1393 1339 1453 brachium

195 1500 226 1557 d.
251 1505 404 1556 servatum
425 1506 481 1556 est

297 1601 345 1657 17.
364 1598 423 1657 An.
446 1598 477 1656 in
500 1597 624 1672 Algeria
647 1599 803 1657 inventum
827 1599 877 1660 ed.
900 1595 1020 1673 Exped.
1044 1597 1173 1656 scientis.
1205 1599 1245 1655 de
1268 1593 1340 1656 l'Al·

194 1698 277 1774 girie
299 1700 360 1760 tab.
384 1702 432 1760 64.
468 1699 576 1760 Clarae
596 1719 671 1760 mus.
695 1702 802 1776 sculpt.
822 1699 852 1758 II
877 1702 934 1759 161
952 1719 977 1777 e,
1001 1702 1061 1759 203
1078 1701 1114 1760 Α.

290 1800 419 1859 Perseus
449 1802 597 1860 ambabus
617 1803 757 1860 manibus
784 1803 910 1860 adiuvat
932 1801 1172 1869 Andromedam,
1206 1803 1339 1877 quaein

193 1920 269 1960 saxo
279 1902 393 1960 sedens
408 1903 537 1980 arrigere
553 1920 586 1959 se
600 1911 735 1962 conatur.
760 1902 841 1960 Infra
856 1903 964 1960 sedem
977 1901 1178 1977 Gorgoneum
1194 1919 1338 1976 magnum

193 2010 225 2060 et
243 2002 362 2077 gladius
384 2002 496 2064 iacent.
528 2002 567 2059 D.
592 2001 685 2061 Cetus
708 2003 808 2079 capite
830 2003 949 2061 innixus
974 2011 1044 2062 stat.

701 2187 830 2250 Statuas.

295 2327 341 2387 18.
373 2326 430 2385 Ed.
455 2325 487 2385 C.
520 2326 555 2385 F.
576 2325 733 2384 Hermann
764 2324 891 2382 Perseus
915 2325 980 2382 und
1002 2325 1208 2398 Andmmeda‚
1242 2323 1336 2381 Goet·

195 2428 300 2504 tingen
324 2429 415 2490 1851.

294 2531 339 2588 19.
361 2525 471 2589 Similis
492 2527 721 2604 compositionis
744 2545 814 2603 pars
836 2527 928 2585 fuisse
943 2527 1063 2584 videtur
1085 2534 1177 2602 caput
1192 2527 1337 2584 muliebre

193 2631 290 2690 musei
312 2629 510 2706 Trevirensis‚
543 2647 562 2686 a
584 2627 773 2692 Loeschckio
797 2628 942 2702 agnitum,
977 2627 1074 2687 oculis
1095 2628 1211 2696 clausis,
1241 2645 1334 2686 manu

194 2750 216 2792 s.
238 2732 417 2806 portatuml.

692 2891 836 2954 Gammae.

293 3030 341 3088 20.
364 3028 460 3104 Iaspis
481 3029 572 3086 ruber
596 3045 672 3087 mus
700 3027 798 3088 Berol.
819 3026 864 3086 IV
887 3030 946 3088 223
970 3028 1006 3088 T.

292 3131 361 3192 noa.
384 3130 477 3205 Lapis
500 3147 591 3206 quem
614 3129 722 3188 Nicolo
745 3131 852 3189 dicunt
867 3148 944 3189 mus.
962 3131 1034 3190 Brit.
1051 3131 1088 3188 cf.
1104 3129 1170 3190 Cat.
1188 3130 1223 3188 of
1238 3129 1332 3188 Gems

191 3233 222 3290 in
244 3231 296 3290 the
319 3231 390 3292 Brit.
414 3231 492 3292 Mus,
520 3233 609 3291 1262.

291 3330 421 3390 Perseus
436 3331 588 3390 Medusae
611 3342 702 3408 caput
726 3343 757 3392 et
781 3333 897 3408 harpen
919 3343 991 3408 post
1014 3342 1132 3409 tergum
1156 3342 1266 3390 tenens
1289 3332 1330 3388 ad

192 3435 424 3493 Andromedam
446 3435 567 3494 accedit
589 3453 669 3512 quae
691 3436 802 3493 vestita
826 3436 855 3492 ei
878 3437 1010 3494 adversa
1032 3443 1087 3495 est.

295 3539 344 3598 21.
366 3537 531 3596 Carneolus
554 3554 630 3596 mus.
655 3535 874 3612 Petropolltani
910 3537 947 3596 cf.
971 3537 1081 3594 Fedde
1108 3537 1148 3594 de
1170 3535 1283 3594 Perseo
1305 3544 1338 3594 et

193 3639 288 3696 Andr.
312 3657 342 3714 p.
365 3642 412 3710 71,
436 3641 463 3698 2.

293 3742 341 3800 22.
362 3741 460 3816 Iaspis
483 3742 582 3810 ruber,
617 3742 655 3801 cf.
678 3741 815 3800 Visconti
843 3759 948 3818 expos.
971 3743 1011 3799 de
1039 3758 1118 3815 gem.
1144 3748 1217 3807 ant,
1242 3756 1335 3815 opere

193 3842 276 3900 varie
298 3841 326 3899 11
347 3860 376 3917 p.
398 3843 469 3917 250,
493 3841 600 3900 Fedde
622 3861 652 3918 p.
678 3843 726 3918 71,
750 3843 777 3902 3.

195 3999 393 4008 *a*

292 4089 364 4143 ¹De
382 4093 485 4160 reliquis
504 4093 597 4142 statuis
622 4107 732 4156 quarum
758 4093 856 4142 mentio
881 4093 910 4142 fit
933 4093 1003 4158 apud
1022 4093 1159 4158 Beclriurn,
1189 4093 1336 4145 Grundriss

194 4183 220 4235 d.
239 4181 435 4246 Archaeologie
455 4197 481 4246 p.
501 4179 566 4233 217:
592 4180 768 4230 Andromeda
795 4181 898 4232 comitis
917 4181 1051 4241 Firmiani,
1080 4181 1163 4232 altera
1181 4182 1335 4241 Mutinensi,

193 4272 270 4322 tertia
288 4270 389 4334 anglica
407 4271 437 4320 in
455 4270 535 4321 domo
549 4286 616 4337 quae
635 4277 742 4321 vocatur
754 4271 947 4322 Wiltonhouse
966 4277 1106 4329 asservata,
1127 4269 1195 4320 nihil
1205 4271 1279 4336 potui
1296 4271 1336 4321 in·

192 4360 329 4427 vestigari3
353 4367 424 4410 certe
442 4375 527 4425 neque
546 4360 652 4410 alterius
672 4361 742 4427 apud
761 4360 952 4410 Duestchlrium
977 4375 1062 4426 neque
1082 4360 1175 4409 tertiae
1195 4359 1265 4425 apud
1283 4360 1332 4408 Mi·

193 4449 309 4501 chaelem
326 4449 424 4500 mentio
444 4449 480 4500 fit.
