3154 5024
792 363 828 418 20

344 544 391 602 13.
414 540 570 618 Amphora
585 539 688 598 Vulcis
712 541 835 599 inventa
854 558 928 602 mus.
946 539 1017 601 Brit.
1039 558 1069 600 n.
1092 539 1162 615 548,
1186 537 1223 599 ci.
1240 541 1280 596 de
1292 538 1385 596 Witte

241 652 299 703 cat.
323 641 396 704 Dur.
420 643 490 702 243.

345 743 465 804 Pictura
487 745 606 802 videtur
632 744 736 803 similis
760 761 830 804 esse
863 743 967 819 priori:
1000 759 1081 819 quae
1103 762 1121 800 a
1143 741 1248 801 Wittio
1271 742 1385 800 Perseo

243 847 332 904 datur
353 839 487 922 ‘harpe’,
510 844 594 903 haud
615 845 710 904 dubie
735 854 784 904 est
802 846 922 920 gladius
954 845 1092 921 vulgaris.
1136 843 1219 902 Infra
1242 840 1387 900 Perseum

240 946 410 1004 adumbrati
434 954 504 1005 suut
523 954 653 1018 montes,
675 946 808 1005 Medusa
829 947 930 1004 deest.

209 1090 211 1096 -
342 1050 389 1108 14.
411 1047 568 1123 Amphora
590 1064 665 1108 mus.
687 1047 811 1108 Monac.
833 1066 862 1107 n.
887 1049 977 1120 1187,
1000 1048 1051 1107 ed.
1074 1046 1178 1106 Micali
1205 1047 1300 1103 storia
1323 1045 1385 1104 tab.

240 1153 290 1220 ss,
313 1152 342 1223 5,
366 1151 396 1217 o,
420 1148 560 1207 uernam
582 1148 618 1208 A.
641 1148 679 1208 v.
705 1133 797 1208 21ss

291 1299 294 1306 .
340 1250 472 1308 Medusa
494 1251 535 1307 ad
558 1250 589 1308 d.
612 1249 756 1325 concidit,
785 1249 915 1308 Perseus
942 1251 972 1309 d.
995 1267 1087 1308 manu
1109 1248 1227 1323 falcem,
1260 1249 1385 1308 brachio

242 1371 265 1411 S.
290 1351 399 1410 cibisin
420 1367 530 1427 gerens
563 1350 657 1410 add.
689 1349 775 1426 sugit.
819 1351 893 1414 As.
914 1350 1051 1410 Minerva
1079 1350 1214 1422 accurrit,
1244 1350 1385 1424 aegidem

241 1469 332 1513 manu
356 1472 379 1513 s,
401 1454 591 1528 protendens
614 1454 646 1509 d.
669 1452 789 1510 hastam
811 1469 929 1526 gerens.
964 1452 1036 1511 Post
1050 1468 1199 1528 personas
1216 1451 1385 1524 descriptas

243 1555 334 1613 arbor
354 1562 404 1611 est
428 1552 572 1611 fructibus
595 1553 734 1611 rotundis
756 1550 895 1638 onustal.

642 1759 719 1818 Vasa
738 1760 818 1832 picto
837 1759 888 1833 fia.
911 1759 976 1818 roh.

343 1911 392 1969 15.
415 1905 572 1983 Amphora
593 1923 670 1965 mus,
686 1905 808 1965 Monac.
820 1925 850 1965 n.
864 1909 913 1980 54,
926 1908 976 1966 ed.
987 1905 1091 1966 Minati
1102 1923 1183 1966 mori.
1199 1908 1280 1968 ined.
1292 1909 1342 1981 44,
1356 1910 1384 1966 3.

340 2010 470 2069 Perseus
492 2026 562 2066 cum
583 2006 668 2065 cibisi
697 2007 778 2082 pileo
812 2006 916 2082 caligis
950 2007 1038 2065 alatis
1070 2024 1162 2066 manu
1195 2010 1225 2068 d.
1260 2010 1385 2066 cultrum

245 2118 403 2171 curvatum
423 2127 534 2186 gerens
555 2110 598 2167 ad
619 2109 649 2167 d.
672 2109 772 2167 currit.
804 2108 841 2166 In
862 2107 957 2165 altera
977 2109 1056 2167 vasis
1078 2116 1165 2183 parte
1188 2109 1294 2184 Gorgo
1309 2109 1386 2167 anti·

245 2229 307 2288 quo
327 2229 413 2271 more
435 2212 506 2270 ficta
526 2219 557 2269 et
577 2210 644 2286 ipsa
668 2209 709 2267 ad
730 2209 761 2268 d.
784 2209 882 2268 currit.

344 2315 392 2374 16.
416 2311 575 2389 Amphora
589 2327 669 2386 quae
684 2319 812 2370 vocatur
831 2305 865 2368 ‘a
881 2295 1072 2369 colonnette'
1094 2310 1131 2372 cf.
1155 2313 1214 2371 cat.
1231 2309 1336 2388 camp.
1361 2331 1385 2372 s,

245 2414 287 2472 xr
309 2414 339 2472 n
362 2414 410 2478 11.

343 2515 512 2575 Mercurius
546 2524 577 2572 et
600 2515 728 2573 Perseus
755 2515 796 2574 ad
827 2532 851 2573 s.
875 2522 1008 2582 currunt,
1036 2514 1115 2572 inter
1142 2522 1305 2591 utrumque
1326 2515 1384 2574 Mi-

244 2635 340 2677 nerva
363 2625 434 2677 stat.
933 2595 935 2604 .

343 2722 392 2779 17.
415 2719 572 2795 Amphora
595 2737 673 2778 mus.
698 2718 798 2777 Beroi.
820 2737 849 2778 n.
871 2719 962 2788 2344,
983 2719 1034 2779 ed.
1058 2718 1198 2777 Panosha
1225 2719 1296 2778 veri.
1321 2718 1385 2794 My·

245 2820 318 2878 then
341 2822 403 2881 tab.
426 2823 453 2883 2.
1229 2875 1232 2886 .

344 2920 472 2980 Perseus
494 2922 612 2981 invenis
643 2922 684 3000 ad
706 2941 731 2981 s.
753 2921 843 2980 currit
863 2921 988 2981 brachio
1011 2940 1035 2982 s.
1059 2922 1166 2982 cibisin
1196 2940 1297 2998 equa
1318 2921 1387 2980 Me·

245 3023 342 3080 dusae
361 3023 459 3082 crines
484 3023 665 3100 prominent,
696 3039 788 3080 manu
817 3042 840 3082 s.
864 3021 972 3081 falcem
1005 3031 1152 3082 serratam
1178 3031 1313 3099 portans.
1359 3023 1389 3082 S.

244 3123 361 3182 iuvenis
382 3123 526 3200 palliatus
549 3132 619 3185 stat.

273 3257 276 3264 ·
349 3226 398 3286 18.
419 3223 536 3299 Hydria
558 3224 682 3284 Nolana
704 3226 754 3285 ed.
780 3222 920 3283 Panoika
941 3242 1016 3284 mus.
1040 3223 1149 3282 Blacas
1173 3224 1235 3284 tab.
1262 3227 1311 3283 11.

344 3327 380 3384 In
403 3326 501 3385 altera
522 3335 609 3402 parte
627 3324 763 3398 Medusa
784 3327 886 3403 capite
906 3325 1024 3402 privata
1038 3325 1176 3383 manibus
1198 3325 1298 3400 passis
1313 3341 1386 3382 con·

712 3421 845 3489 ΓΕΡξΕξ

246 3478 330 3555 cidit,
353 3477 384 3536 in
406 3477 502 3535 altera
524 3424 689 3604 Perseus(

713 3522 834 3590 mo,
868 3427 975 3606 )curn
998 3479 1076 3536 falce
1099 3486 1130 3534 et
1152 3478 1238 3537 cibisi
1261 3479 1344 3554 sugit.

345 3631 392 3690 19.
416 3627 533 3705 Hydria
556 3628 658 3686 Vulcis
680 3629 805 3687 inventa
830 3647 905 3691 mus.
928 3629 1025 3690 Berol.
1048 3648 1078 3693 n.
1103 3631 1193 3700 237⁷,
1215 3633 1267 3690 ed.
1293 3631 1328 3690 Α.
1351 3633 1382 3690 d.

244 3731 267 3791 I.
291 3730 370 3790 1851
396 3731 456 3790 tab.
481 3727 518 3791 Ο.

350 3829 480 3890 Perseus
502 3849 595 3890 manu
618 3833 647 3892 d.
672 3831 799 3929 cultrum
819 3850 963 3909 magnum
979 3842 1143 3903 curvatum,
1167 3832 1282 3891 lacerto
1304 3851 1327 3893 s.
1349 3833 1390 3892 ei·

247 4015 445 4026 m

347 4131 358 4170 ¹
376 4134 448 4187 Num
465 4135 579 4186 Perseus
599 4143 807 4203 repraesentatus
823 4135 860 4188 'sit
877 4137 905 4188 in
923 4135 1015 4204 hydria
1032 4145 1079 4190 cat.
1098 4139 1186 4205 Camp.
1206 4155 1227 4190 s.
1246 4137 1273 4188 11
1291 4137 1326 4190 28
1345 4139 1390 4188 de·

253 4223 350 4290 scripta
367 4223 438 4274 hunc
456 4224 483 4274 in
501 4225 620 4277 modum:
648 4220 716 4275 ‘una
734 4225 861 4290 Gorgone
885 4225 951 4277 alata
973 4227 1084 4290 insegue
1103 4244 1119 4276 a
1135 4226 1233 4290 grande
1252 4241 1328 4277 corsa
1354 4241 1391 4276 un

248 4311 401 4374 giovanetto
420 4327 471 4364 con
489 4311 571 4376 lungo
590 4327 606 4363 e
624 4327 716 4380 sparso
734 4314 813 4374 crine,
832 4314 882 4363 che
901 4314 1034 4378 [uggendo
1054 4330 1068 4364 a
1087 4315 1171 4364 veloci
1197 4315 1267 4380 passi
1287 4314 1391 4379 rivoige

246 4399 273 4450 la
292 4407 357 4451 testa
375 4395 504 4452 indietro'
527 4401 639 4452 discerni
658 4403 749 4466 nequit
762 4418 832 4452 uase
851 4418 904 4452 non
922 4404 1050 4468 inspecto.
