3154 5024
741 403 774 462 13

594 583 748 658 Speculum
771 587 923 644 etruscum.

279 704 309 763 4.
332 702 390 762 Ed.
416 699 691 762 Gerhard·Koerte
717 700 752 759 E.
775 699 825 774 Sp.
851 698 880 755 V
904 701 954 760 67.

281 801 320 860 D.
343 801 477 860 Medusa
498 797 627 878 (Metus)
648 800 776 877 pulchra
796 801 827 858 in
853 816 928 858 saxo
942 798 1063 872 dormit,
1088 817 1179 875 quam
1197 799 1325 860 Perseus
1384 871 1386 878 Ι

182 897 323 982 (Pherse)
344 903 443 978 capite
466 902 580 962 reflexo
606 903 807 979 progrediens
829 901 908 960 falce
932 903 1018 976 petit.
1050 901 1078 962 S.
1094 901 1231 960 Minerva
1246 899 1325 980 (Me-

180 999 259 1081 nrla)
283 1005 382 1062 sedet.

492 1139 676 1200 Scoroboeus
698 1143 832 1199 etruscus
854 1139 1012 1214 antiquior.

278 1251 307 1310 5.
330 1249 387 1310 Ed.
410 1249 451 1310 M.
474 1250 504 1309 d.
527 1248 551 1307 Ι.
574 1247 617 1304 VI
640 1249 689 1321 24,
713 1250 732 1307 3
755 1247 795 1308 cl.
818 1249 854 1308 A.
878 1249 908 1307 d
930 1247 953 1308 Ι.
981 1249 1060 1309 1858
1082 1267 1111 1326 p.
1133 1251 1203 1309 386.

279 1350 410 1409 Perseus
434 1350 487 1408 alis
517 1351 677 1425 pedalibus
714 1358 745 1406 et
766 1349 861 1424 harpe
884 1357 1018 1408 armatus
1041 1367 1060 1405 a
1085 1351 1115 1408 d.
1138 1351 1258 1408 accedit
1277 1368 1325 1409 ca·

176 1453 241 1529 pite
261 1453 383 1511 reflexu.
407 1453 435 1512 S.
478 1451 611 1509 Medusa
639 1453 728 1509 sedet
763 1451 916 1510 dormiens
952 1451 1066 1527 capillis
1094 1451 1256 1527 incomptis
1278 1461 1326 1508 tu·

181 1555 248 1613 nica
271 1554 372 1630 longa.
960 1553 962 1559 ‘

675 1662 828 1723 Nummus.

282 1775 310 1832 6.
330 1771 366 1832 N.
389 1771 560 1830 Daldiauus
579 1770 729 1829 Gordiani
744 1770 796 1840 111,
808 1804 809 1808 =
820 1773 870 1831 ed.
886 1770 1027 1828 Mionnet
1042 1772 1139 1833 deser.
1156 1775 1254 1850 suppl.
1266 1773 1327 1832 VII

181 1875 242 1936 tab.
265 1873 309 1931 XI
327 1877 355 1942 1,
378 1893 402 1934 v.
426 1873 529 1947 Sallet,
554 1872 701 1933 Zeitschr.
725 1872 744 1932 f.
768 1871 859 1932 Num.
875 1871 903 1928 V
925 1890 955 1946 p.
973 1873 1042 1934 105.
1086 1873 1124 1933 cf.
1139 1873 1247 1943 Head.
1256 1875 1325 1934 hist.

182 1993 294 2036 numm.
316 1994 346 2051 p.
367 1976 437 2034 549.

278 2075 359 2133 Infra
381 2076 521 2133 arborem
536 2083 598 2133 tres
614 2075 771 2133 dormiunt
787 2075 933 2149 virgines;
957 2077 999 2132 ad
1020 2076 1148 2150 primam
1171 2093 1190 2133 a
1212 2077 1243 2136 d.
1255 2075 1327 2133 Per·

182 2193 253 2235 seus
274 2178 375 2234 nudus
399 2176 528 2247 accedit,
554 2177 607 2253 qui
628 2177 703 2252 quid
716 2176 845 2251 gesserit
861 2195 925 2234 uon
946 2176 1007 2234 iam
1023 2176 1204 2252 agnoscitur.
1228 2177 1327 2253 Supra

182 2277 310 2352 virgines
326 2278 434 2354 genius
449 2279 546 2337 alatus
560 2271 845 2355 (Headfflypnus)
860 2278 1023 2353 prominet.
1059 2277 1149 2350 Quae
1162 2286 1326 2354 praeterea

181 2377 300 2453 sculpta
322 2384 393 2435 sunt
415 2378 559 2436 sacellum
582 2377 730 2454 Apollinis
755 2385 786 2435 et
809 2395 903 2453 equus
926 2377 1000 2435 nihil
1021 2376 1137 2438 habent
1163 2396 1325 2438 commune

183 2495 252 2536 cum
272 2495 386 2537 scaena
410 2476 545 2539 nostral.
661 2479 663 2484 ’

442 2721 473 2797 Ι.
513 2723 670 2801 Perseus
694 2719 897 2799 Medusam
922 2721 1058 2799 caedit.

421 2858 624 2920 Monumenta
645 2878 726 2937 quae
749 2879 785 2919 ex
808 2859 914 2918 litteris
935 2861 1082 2919 novimus

279 2997 306 3040 a.
336 2977 365 3037 A
392 2977 536 3056 Bathycle
565 2978 713 3055 Magnete
741 2978 772 3036 in
798 2977 876 3036 solio
905 2978 1071 3054 Amyclaeo
1094 2973 1256 3054 Περσέως
1291 2992 1327 3039 τε

181 3076 220 3142 τὸ
241 3076 337 3156 ἔργον
357 3077 527 3155 πεποίηται
548 3076 586 3140 τὸ
609 3077 645 3154 ἐς
668 3075 854 3140 Μέδουσαν.
899 3079 986 3140 Paus.
1008 3079 1051 3138 ΙΙΙ
1076 3080 1123 3150 18,
1149 3081 1196 3139 11.

281 3182 311 3242 b.
335 3181 424 3242 Paus.
439 3182 468 3239 II
484 3183 533 3256 27,
551 3183 578 3240 2.
611 3181 647 3238 In
670 3180 747 3239 solio
762 3179 896 3255 Asclepii
910 3179 1065 3255 Epidaurii
1080 3198 1099 3237 a
1114 3179 1324 3256 Thrasymede

180 3284 315 3359 sculptus
338 3275 403 3342 erat
424 3277 572 3358 Περσεὺς
593 3277 727 3358 ἀφελὼν
748 3278 808 3355 τὴν
832 3276 1007 3356 Μεδούσης
1030 3276 1184 3356 κεφαλήν.

285 3403 309 3446 c.
335 3385 408 3446 Luc.
432 3387 473 3443 de
499 3387 593 3443 domo
617 3386 655 3444 25
680 3383 824 3441 describit
856 3384 1014 3458 picturam,
1046 3383 1076 3440 in
1109 3399 1169 3458 qua
1195 3381 1324 3442 Perseus

179 3485 341 3544 Medusam
373 3486 493 3553 caedit,
527 3485 627 3561 capite
660 3483 772 3541 reflexo
807 3483 963 3542 Minervae
997 3491 1117 3542 scutum
1149 3492 1325 3560 protentum

181 3586 343 3661 aspiciens.

279 3691 311 3750 d.
334 3687 527 3765 Aphthonius
555 3687 713 3764 Progymn.
737 3707 768 3763 p.
793 3689 851 3747 107
874 3685 912 3744 W
933 3681 987 3764 (48
1010 3680 1076 3765 Sp.)
1101 3695 1207 3745 narrat
1238 3686 1324 3744 sein

179 3790 257 3849 arcis
280 3790 508 3848 Alexandrinae
530 3791 647 3866 porticu
670 3789 740 3847 ficta
764 3789 876 3848 vidisse
897 3785 937 3849 τὰ
960 3783 1120 3864 Περσέως
1142 3781 1323 3864 ἀθλήματα.

570 3973 771 4033 Monumenta
792 3981 912 4032 servata

479 4087 513 4170 u)
537 4092 619 4152 Artis
640 4093 800 4152 archaicae
822 4087 1029 4152 monumenta.

279 4211 406 4269 Perseus
428 4211 607 4286 plerumque
631 4211 774 4269 imberbis
796 4210 960 4268 Medusam
990 4217 1162 4268 currentem
1184 4227 1278 4269 manu
1300 4228 1323 4273 ε.

181 4311 424 4388 comprehendit,
448 4313 478 4371 d.
501 4311 630 4370 cultrum
655 4311 718 4369 sive
740 4310 877 4387 gladium
896 4311 974 4369 collo
996 4310 1060 4368 eius
1083 4312 1235 4372 admovet.

279 4449 290 4487 ¹
309 4451 373 4503 Cum
392 4451 441 4502 hac
463 4467 556 4502 scaeua
575 4452 763 4503 conserendum
781 4458 821 4502 est
839 4452 915 4503 etium
934 4467 979 4500 vas
999 4451 1036 4504 K.
1055 4449 1097 4504 23.
