3154 5024
765 367 782 422 9

370 645 413 722 Ο.
452 646 584 720 Danae
609 642 660 719 ad
686 643 841 741 Seriphi
867 669 975 718 oram
1002 643 1173 744 appulsa.

444 798 646 858 Monumenta
665 816 744 875 quae
767 817 804 858 ex
825 798 933 858 litteris
956 799 1105 860 novimus.

307 954 334 995 a.
357 936 524 997 Praxiteles
539 936 703 1012 sculpsisse
717 935 828 994 dicitur
839 935 1008 993 secundum
1023 936 1241 1012 epigrammata
1252 935 1348 998 Anth.

204 1036 257 1097 Gr.
278 1037 320 1096 111
342 1041 391 1108 91,
414 1041 434 1096 4
457 1035 563 1110 (Palat.
586 1035 629 1094 vl
652 1032 727 1113 317)
758 1045 789 1092 et
812 1035 857 1093 IV
872 1038 942 1114 186,
960 1037 1020 1096 315
1046 1031 1188 1113 (Planud.
1202 1037 1245 1096 IV
1262 1031 1346 1117 262),

206 1138 336 1196 Danaen
354 1137 502 1215 nymphas
525 1136 618 1196 Pana.
665 1137 766 1195 Possis
788 1137 924 1212 cogitare
949 1139 990 1196 de
1005 1137 1118 1197 Danae
1134 1157 1153 1198 a
1167 1138 1349 1197 Nereidibus

203 1235 254 1318 (cs.
277 1240 351 1299 Luc.
384 1241 454 1299 dial.
480 1257 555 1300 mar.
582 1234 631 1315 12)
660 1240 702 1296 ad
724 1237 842 1314 Seriphi
872 1256 956 1297 oram
991 1239 1128 1315 appulsa.
1171 1239 1260 1302 Tunc
1283 1240 1347 1298 Pan

203 1342 310 1400 aderat
332 1343 372 1400 ad
394 1351 505 1400 terram
526 1341 732 1400 indicandam.
1057 1359 1060 1366 ’

303 1443 333 1502 1).
355 1444 482 1501 Artemo
514 1442 611 1520 pinxit
637 1431 785 1501 ¹Danaen
811 1442 991 1501 mirantibus
1025 1459 1093 1502 eam
1121 1437 1343 1519 praedonibus’

201 1543 277 1603 Plin.
302 1546 350 1615 35,
375 1545 444 1605 139.

597 1695 798 1754 Monumenta
820 1704 949 1757 servata.

606 1814 685 1874 Vasa
706 1816 787 1888 picta
808 1816 859 1890 fip.
880 1816 945 1875 rub.

303 1953 329 2010 1.
357 1950 494 2027 Scyphus
516 1949 652 2009 Nolanus
687 1967 763 2010 mus.
797 1949 926 2026 Neapol.
950 1967 980 2008 n.
1005 1950 1087 2012 3140
1107 1949 1148 2009 Η.
1183 1951 1231 2010 ed.
1265 1951 1343 2012 Mus.

206 2050 467 2130 Borb.1130‚4.
604 2077 606 2081 ·
792 2072 793 2080 ¹

304 2153 350 2210 Ex
372 2170 443 2212 arca
465 2161 571 2229 aperta
593 2152 890 2229 prominentDanae
910 2170 1002 2210 manu
1018 2154 1049 2211 d.
1064 2153 1106 2211 ad
1128 2170 1150 2212 s.
1172 2161 1344 2212 monstrans

206 2264 239 2311 et
261 2252 390 2313 Perseus
412 2271 488 2330 puer
509 2271 633 2313 manum
655 2253 774 2314 tollens.
807 2254 845 2314 D.
864 2254 953 2312 arbor
977 2254 1160 2313 adumbrata
1177 2262 1234 2312 est.
1268 2251 1345 2312 Cum

205 2353 315 2413 Danae
337 2363 369 2413 et
391 2354 520 2412 Perseus
552 2354 601 2412 hic
626 2355 705 2413 inter
731 2371 765 2412 se
794 2353 1006 2430 colloquantur
1032 2370 1090 2411 nec
1122 2354 1270 2412 rationem
1291 2353 1344 2410 ha-

207 2459 302 2516 beant
322 2457 447 2515 aliorum
468 2456 634 2526 hominum,
657 2472 786 2514 necesse
807 2463 853 2514 est
874 2456 1005 2513 Danaen
1027 2463 1187 2524 servatam,
1212 2471 1276 2513 non
1298 2456 1344 2513 in·
1411 2449 1415 2456 ’

204 2559 390 2617 eludendam
411 2551 525 2634 pictam
547 2575 624 2618 esse.

304 2663 332 2719 2.
355 2659 446 2718 Vasis
468 2659 669 2734 fragmentum
692 2659 880 2718 collectionis
896 2657 1145 2718 Hamiltonianae
1158 2659 1344 2717 delineatum

204 2781 306 2839 neque
327 2780 399 2820 vero
422 2763 539 2820 editum
562 2781 580 2820 a
602 2759 799 2820 Tischbeinio
823 2761 860 2821 cs.
875 2760 1090 2837 Heydemann‚
1112 2755 1151 2821 A.¹
1163 2761 1187 2839 J.
1204 2759 1262 2838 Ip.
1281 2763 1341 2822 312

208 2882 237 2923 n.
260 2865 310 2924 82.
332 2865 383 2923 ed.
405 2862 768 2935 Dubois·Maisonneuve‚
793 2863 903 2923 introd.
928 2861 1002 2920 XVI
1024 2864 1050 2922 3.

302 2965 337 3022 ln
360 2981 431 3022 arca
453 2972 558 3040 aperta
581 2963 690 3022 Danae
716 2972 748 3021 et
768 2981 844 3040 puer
876 2965 918 3020 ad
946 2981 970 3023 s.
994 2973 1086 3030 stant,
1119 2963 1163 3021 eis
1196 2963 1342 3022 adversus

203 3074 267 3123 erat
288 3064 379 3122 homo
394 3065 523 3123 innixus
545 3072 676 3140 sceptro,
696 3064 781 3122 cuius
797 3064 925 3139 vestigia
939 3072 1064 3125 restant.
1108 3062 1198 3122 Hanc
1219 3079 1344 3139 quoque

201 3167 358 3242 picturam,
380 3183 449 3223 cum
471 3164 551 3223 desit
569 3173 676 3240 gestus
698 3164 886 3241 imprecandi
909 3174 940 3223 et
963 3183 1032 3223 cum
1056 3163 1184 3223 Perseus
1206 3182 1271 3222 non
1284 3165 1345 3222 iam

201 3276 340 3344 portetur
372 3265 531 3342 aDauae‚
561 3265 678 3341 Seriphi
711 3285 805 3345 quam
826 3267 914 3341 Argis
949 3265 1100 3324 collocare
1133 3265 1244 3326 malim.
1289 3265 1343 3323 Vir

202 3369 317 3428 deinde
339 3368 541 3445 appellandus
564 3377 613 3428 est
635 3355 817 3444 Polydectes
840 3369 905 3426 sive
928 3367 1044 3443 Dictys

590 3549 729 3614 Picturae
751 3555 951 3627 Pompeiam.

302 3688 391 3760 Quae
414 3697 582 3765 sequuntur
605 3705 658 3745 sex
680 3688 818 3764 picturae
842 3689 920 3746 inter
942 3705 975 3745 se
998 3696 1069 3746 sunt
1098 3687 1280 3746 simillimae:
1319 3705 1343 3748 s.

201 3790 257 3848 sub
280 3807 354 3865 rupe
376 3791 534 3864 pendente
549 3790 659 3848 Danae
676 3790 765 3848 sedet
778 3788 924 3848 Perseum
935 3789 1082 3849 infantem
1094 3789 1211 3865 gremio
1223 3798 1343 3864 tenens,

201 3891 239 3949 ab
261 3891 357 3949 altera
378 3899 466 3965 parte
486 3892 655 3966 piscatores
675 3899 768 3968 stant,
792 3908 921 3966 quorum
938 3909 1083 3949 numerus
1098 3891 1244 3961 variatur;
1266 3891 1344 3950 inter

200 3990 256 4048 hos
278 3999 311 4048 et
331 3990 463 4050 Danaen
484 4009 554 4050 arca
576 3992 770 4068 conspicitur.

302 4095 329 4151 3.
353 4092 383 4150 S.
409 4094 456 4151 76.
492 4124 495 4130 ,

230 4205 234 4214 ’
302 4193 428 4253 Danaes
453 4192 546 4252 facies
570 4195 708 4252 dolorem
730 4194 879 4270 exprimit.
923 4193 1110 4252 Piscatorum
1133 4193 1247 4270 primus
1271 4200 1344 4250 ante

200 4311 306 4353 arcam
326 4302 387 4352 stat
407 4294 511 4352 habitu
535 4296 657 4365 rustico,
678 4313 770 4352 manu
787 4296 817 4354 d.
838 4295 1000 4352 canistrum
1017 4303 1136 4362 tenens,
1157 4312 1180 4353 s,
1202 4312 1266 4352 rem
1279 4312 1343 4350 non

199 4397 258 4454 iam
283 4397 530 4471 agnoscendam
566 4396 644 4454 alter
669 4397 748 4454 inter
770 4395 851 4454 hunc
875 4405 906 4454 et
928 4395 1060 4454 Danaen
1088 4405 1150 4456 stat
1180 4404 1273 4473 caput
1302 4395 1343 4453 ad
