3154 5024
753 403 788 458 62

197 586 321 654 portans
343 579 530 654 compositus
553 590 600 637 est
621 598 689 637 cum
705 579 793 640 Ceto.
832 580 907 637 Tres
924 582 1014 656 igitur
1030 581 1146 639 fabulas
1163 582 1339 640 confudisse

197 681 314 736 videtur
341 679 460 738 artifex:
498 679 641 738 Perseum
673 681 848 754 fugientem,
886 699 954 739 cum
977 681 1055 739 Ceto
1077 693 1109 739 et
1131 701 1200 742 cum
1225 681 1338 740 Bacchi

198 781 357 838 comitibus
380 791 576 856 pugnantem.
625 833 628 840 ,

295 880 443 955 Singulari
462 884 555 939 modo
573 892 717 940 tractatur
732 881 825 941 Cetus
842 901 860 942 a
876 883 988 940 Perseo
1008 877 1185 942 interfectus
1208 887 1238 942 iu
1254 886 1335 942 urnis

200 979 366 1052 Q23-26
389 982 419 1038 in
442 984 550 1056 quibus
573 983 644 1040 solis
668 984 797 1040 Perseus
820 992 988 1042 monstrum
1010 985 1144 1042 debellat
1160 986 1337 1060 Gorgoneo,

199 1081 341 1141 Ceterum
363 1101 410 1140 res
435 1085 555 1158 sculpta
577 1085 716 1158 congruit
739 1103 809 1142 cum
832 1084 933 1143 fabula
956 1086 1128 1160 Euripiden.

671 1265 868 1273 ..——-.-..—

297 1397 507 1472 Respicientes
532 1416 680 1482 ¹magnam
710 1407 972 1456 monumentorum
1008 1408 1180 1456 nostrorum
1216 1400 1336 1475 copiam

198 1497 409 1572 intellegimus7
433 1508 527 1574 quant
571 1517 691 1575 semper
711 1501 808 1575 gratia
830 1502 914 1574 apud
936 1507 1053 1558 veteres
1079 1500 1212 1558 floruerit
1234 1499 1339 1558 Persei

199 1599 310 1675 fabula,
334 1619 424 1675 quam
446 1515 617 1674 negteilam
631 1619 730 1676 paene
752 1605 882 1676 apoetis
905 1635 944 1643 -
967 1620 1037 1660 nam
1053 1611 1173 1678 praeter
1186 1602 1335 1678 Euripidis

200 1684 430 1760 Andromedam
452 1702 567 1758 nullum
590 1702 653 1758 fere
676 1720 754 1778 opus
779 1705 932 1778 poeticum
955 1722 1015 1778 quo
1040 1702 1170 1762 Perseus
1202 1705 1335 1761 celebra·

200 1811 280 1860 retur
301 1821 446 1877 magnum
469 1793 609 1860 eventum
630 1805 736 1862 habuit
760 1837 794 1846 -
821 1806 893 1864 inde
919 1808 958 1864 ab
981 1807 1196 1881 antiquissimis
1220 1814 1339 1880 tempo·

200 1906 279 1962 ribus
303 1922 399 1978 usque
422 1906 462 1961 ad
484 1907 587 1963 infima
609 1907 796 1982 antiquitatis
826 1909 949 1965 saecula
974 1906 1242 1964 innumerabilibus
1276 1906 1339 1963 fere

200 2007 299 2063 modis
323 2015 526 2064 tractaverunt
549 2008 679 2064 cuiusvis
702 2009 821 2082 generis
845 2009 982 2068 artifices.
1028 2009 1073 2064 Eo
1089 2009 1184 2082 magis
1200 2009 1339 2065 notanda

199 2117 247 2164 est
269 2116 532 2165 monumentorum
553 2109 722 2184 multitud0‚
756 2127 815 2184 quo
842 2111 987 2184 pauciora
1016 2109 1143 2182 vestigia
1171 2109 1202 2164 in
1229 2126 1336 2164 monu-

201 2210 310 2265 mentis
334 2210 459 2266 servatis
481 2210 665 2283 reliquerunt
687 2210 762 2267 aliae
785 2211 907 2269 fabulae
930 2227 1048 2286 eaeque
1071 2229 1089 2266 a
1110 2210 1208 2284 poetis
1233 2209 1339 2267 iterum

201 2319 292 2385 atque
314 2311 421 2366 iterum
443 2319 600 2378 tractatae,
626 2312 704 2370 velut
728 2333 755 2370 e.
779 2331 808 2387 g.
832 2311 927 2369 Ulixis
951 2312 1061 2368 fabula.
1097 2291 1104 2305 ᾖ

301 2545 399 2620 Prope
412 2545 494 2603 diem
505 2553 686 2621 praeceptor
701 2545 772 2602 mihi
787 2545 917 2602 maxime
933 2553 1093 2602 veneratus
1110 2541 1147 2603 G.
1160 2541 1338 2600 Loeschcke

201 2649 313 2725 publici
338 2649 408 2705 iuris
440 2646 530 2703 faciet
556 2647 734 2720 opusculum
762 2649 847 2722 quod
876 2648 1052 2721 inscriptum
1078 2650 1156 2704 estz'
1188 2645 1244 2703 Dic
1266 2645 1342 2702 Eul-

201 2751 350 2824 lrouplrmy
372 2751 424 2808 cler
438 2750 573 2820 Medusa,
596 2750 642 2832 cin
664 2749 789 2822 Beilroy
810 2767 864 2807 rur
878 2730 1048 2808 Gcsclticlrlc
1072 2746 1343 2824 ierprleclrtschen

200 2851 335 2910 Molcrei.
378 2848 558 2918 Festschrift
584 2867 621 2906 au
646 2849 748 2908 Eiron
775 2849 826 2908 iles
849 2848 1130 2922 fucofaipjoelrriqen
1152 2849 1339 2908 Doctorinbi-

202 2952 312 3014 loconis
338 2969 393 3010 con
415 2949 560 3009 Heinrich
582 2967 638 3008 nort
659 2949 779 3008 Brenn.
825 2948 893 3020 Quo
917 2949 1018 3005 libello
1044 2953 1184 3006 tractavit
1205 2949 1247 3006 vir
1270 2950 1355 3006 ‹loc-¹

202 3051 332 3107 tissimus
354 3057 553 3107 monumenta
580 3058 683 3106 nostra
703 3049 718 3107 I
742 3051 843 3109 8—13
875 3059 967 3125 atque
991 3058 1118 3107 conatus
1142 3059 1189 3107 est
1210 3051 1342 3124 reperire

176 3137 179 3143 ’
203 3159 355 3208 auctorem
383 3151 458 3208 illius
488 3150 726 3223 compositionis
761 3152 801 3206 de
831 3169 891 3225 qua
919 3167 1010 3225 supra
1042 3157 1142 3208 actum
1169 3159 1215 3207 est
1236 3169 1266 3225 p.
1292 3153 1340 3210 54.

203 3251 322 3309 Tabula
344 3253 450 3310 addita
468 3253 579 3327 optime
594 3251 711 3308 editum
727 3260 774 3308 cst
791 3251 990 3327 fragmentum
1008 3252 1084 3309 vasis
1102 3251 1266 3308 Bonnense
1283 3252 1340 3310 18.
