3154 5024
738 383 773 442 45

184 563 375 630 instrumenti
397 543 493 625 forma
514 567 620 626 artifex
634 568 753 625 videtur
768 567 936 644 exprimere
953 566 1085 626 voluisse
1101 563 1325 644 καρχαρόδους

185 667 345 743 epitheton
374 670 413 728 ab
443 667 611 728 Hesiodo¹
640 669 756 746 harpae
773 669 932 756 additum.
983 669 1142 729 Postremo
1172 670 1327 729 coniuncti

184 779 255 828 sunt
274 771 394 846 gladius
416 780 447 829 et
467 769 537 844 falx,
559 774 641 830 unde
665 780 731 830 orta
753 780 801 830 est
823 790 903 849 quae
924 773 1046 848 proprie
1069 793 1088 831 a
1102 771 1324 831 recentioribus

185 881 310 930 vocatur
339 871 440 948 harpe.
485 873 626 931 Formam
657 873 737 930 illam
767 891 805 930 ex
832 874 949 932 oriente
979 882 1160 948 receperunt
1188 873 1324 948 artifices

183 975 236 1032 ubi
256 973 486 1049 elephantorum
508 984 641 1034 rectores
663 975 752 1032 simili
773 977 976 1033 instrumento
999 984 1031 1034 et
1051 975 1121 1033 olim
1137 973 1326 1034 utebantur²

184 1084 216 1132 et
245 1075 338 1133 hodie
358 1083 492 1133 utuntur.
535 1077 573 1134 In
596 1077 800 1134 monumentis
823 1077 934 1134 nostris
957 1076 1087 1152 primum
1107 1077 1236 1134 occurrit
1255 1074 1324 1144 talis

184 1177 294 1252 harpes
318 1176 489 1254 exemplum
510 1177 542 1234 in
563 1177 710 1253 amphora
731 1178 826 1236 attica
847 1177 860 1234 I
883 1179 902 1235 4
925 1177 1003 1235 circa
1025 1195 1139 1235 annum
1162 1179 1225 1238 400
1249 1182 1326 1238 orta.
1375 1203 1377 1210 ¹

272 1278 440 1349 *Adversus
457 1276 585 1336 Cetum
608 1267 736 1338 Perseus
759 1280 790 1337 in
814 1297 886 1337 vase
908 1277 1094 1338 corinthiaco
1117 1277 1147 1348 Q
1170 1281 1185 1337 1
1210 1285 1327 1353 pugnat

187 1379 337 1459 lapidibus
368 1381 524 1449 coniectis
559 1398 651 1456 quam
682 1380 804 1438 labulae
835 1381 962 1439 formam
992 1399 1010 1436 a
1039 1379 1232 1455 scriptoribus
1263 1397 1328 1437 non

188 1481 329 1540 traditam
363 1482 600 1557 antiquissimam
634 1501 703 1540 esse
736 1491 872 1559 apparet.
916 1483 1002 1539 Illam
1033 1491 1136 1538 autem
1169 1481 1328 1556 pugnandi

187 1583 335 1640 rationem
358 1583 541 1641 recentiores
565 1583 652 1642 facile
675 1593 819 1658 poterant
840 1584 883 1640 ita
905 1584 1072 1661 immutare,
1106 1591 1139 1639 ut
1171 1599 1226 1657 pro
1255 1581 1329 1658 lapi-

187 1683 275 1740 dibus
297 1682 480 1742 inducerent
495 1684 646 1743 Medusae
669 1693 771 1761 caput‚
795 1685 842 1742 cui
865 1686 964 1742 inerat
985 1685 1015 1741 in
1038 1683 1172 1758 lapidem
1189 1684 1327 1741 vertendi

185 1785 238 1844 vis.
283 1785 329 1842 Ac
357 1803 460 1844 revera
487 1787 518 1842 in
547 1786 722 1862 anaglyphis
745 1787 871 1844 etruscis
895 1787 924 1859 Q
948 1788 1068 1845 23-26
1093 1788 1231 1844 videmus
1255 1786 1325 1844 Per·

187 1903 273 1944 seum
296 1885 407 1944 Cetum
429 1885 596 1964 Gorgoneo
626 1883 901 1962 torpefacientem.'
925 1887 1114 1963 Interruptus
1148 1897 1196 1948 est
1226 1895 1328 1946 autem

185 1985 233 2044 ille
248 2004 348 2044 rerum
362 2005 540 2063 progressus
557 1988 616 2046 alio
635 1997 800 2046 momento.
825 1987 987 2064 Displicuit
1003 1990 1141 2046 nimirum
1157 1988 1284 2048 saeculis
1300 2009 1328 2048 a.

186 2087 254 2149 Chr.
265 2109 295 2151 n.
308 2091 414 2166 quinto
426 2098 459 2148 et
472 2098 581 2165 quarto
593 2089 683 2147 heros
695 2090 777 2147 nullo
792 2089 885 2165 ipsius
901 2089 1036 2164 periculo
1050 2107 1201 2166 pugnans,
1217 2108 1277 2165 qua
1293 2108 1326 2146 re

189 2192 267 2252 illius
297 2195 406 2252 aetatis
434 2193 562 2251 artifices
585 2193 731 2252 Perseum
760 2202 813 2249 aut
839 2192 928 2250 hasta
949 2187 991 2266 (Q
1013 2194 1042 2259 2,
1066 2185 1119 2270 10)
1143 2200 1195 2250 aut
1216 2193 1326 2250 eadem

187 2294 237 2354 illa
258 2313 319 2372 qua
341 2295 505 2355 Medusam
528 2294 703 2352 debellabat
724 2294 818 2368 harpe
840 2291 885 2368 (Q
899 2295 926 2369 3,
943 2291 975 2370 4)
999 2302 1199 2352 armavemnt.
1237 2291 1325 2365 Quos

189 2404 222 2452 ut
243 2396 275 2454 id
296 2395 433 2454 iacerent
454 2395 601 2470 impulsos
623 2412 691 2452 esse
714 2412 732 2450 a
754 2394 854 2468 poetis
871 2392 992 2468 tragicis
1013 2393 1091 2452 infra
1112 2395 1328 2452 demonstran·

188 2498 261 2556 dum
284 2497 348 2557 erit.

283 2597 381 2656 Infimi
409 2584 675 2656 commiscuerunt¹
693 2605 851 2671 utramque
881 2595 1038 2672 pugnandi
1068 2596 1216 2656 rationem
1247 2599 1327 2656 velut

185 2701 316 2776 pictores
331 2700 454 2758 tabulae
473 2717 491 2755 a
506 2699 641 2757 Lucieno
656 2699 830 2774 descriptae
849 2696 909 2770 Qa
930 2707 961 2755 et
983 2699 1104 2774 parietis
1121 2699 1327 2774 Pompeianae

191 2800 220 2873 Q
244 2806 292 2871 11,
315 2801 345 2859 hi
367 2819 491 2876 quoque
513 2808 673 2876 poetarum
695 2799 824 2874 vestigia
845 2807 1018 2874 prementes
1031 2795 1052 2860 ³.

547 3022 575 3080 2.
620 3020 667 3080 De
687 3021 831 3082 Medusae
847 3019 967 3096 formis.

284 3157 355 3216 Non
380 3157 479 3215 minus
507 3173 598 3232 quam
621 3155 749 3214 Perseus
771 3155 965 3214 Medusae
992 3163 1024 3212 et
1053 3172 1189 3224 sororum
1214 3157 1330 3234 figurae

187 3261 284 3319 varias
307 3275 362 3334 per
383 3257 505 3316 saecula
526 3274 636 3332 passae
666 3265 735 3314 sunt
762 3255 956 3317 mutationes.
1001 3255 1050 3314 De
1073 3255 1267 3334 Gorgonibus
1289 3259 1328 3318 ab

185 3361 345 3420 artificibus
367 3361 499 3434 antiquis
519 3357 596 3416 fictis
618 3376 685 3416 cum
701 3357 910 3433 copiosissime
933 3357 1029 3432 egerit
1045 3357 1270 3435 Furtwaengler
1286 3361 1330 3418 vir

187 3463 378 3523 doctissimus
401 3463 432 3520 in
446 3459 594 3519 Roscheri
612 3460 707 3516 lexico
723 3459 908 3534 mytholog0‚
931 3459 1005 3517 satis
1021 3458 1122 3518 habeo
1145 3461 1186 3517 de
1208 3470 1331 3519 nostro-

187 3585 250 3624 rum
272 3572 537 3624 monumentorum
559 3561 757 3636 Gorgonibus
777 3577 878 3636 pauca
900 3560 1070 3621 addidisse.

287 3665 483 3742 Gorgonibus
507 3664 599 3736 longa
622 3663 722 3719 tunica
744 3662 869 3730 vestitis,
901 3678 977 3737 quas
1006 3663 1064 3720 arti
1085 3663 1206 3721 ionicae
1229 3663 1327 3721 vindi·

187 3770 266 3826 cavit
288 3764 513 3840 Furtwaengler
540 3765 557 3821 l.
581 3781 606 3821 c.
630 3783 658 3838 p.
684 3766 773 3840 1710,
807 3763 965 3821 recensitis
999 3763 1112 3821 ibidem
1148 3763 1330 3823 adiciendae

188 3945 384 3954 m-

187 4061 319 4132 1.11146‚
339 4063 482 4115 Rossbach
501 4063 672 4116 Griechische
691 4063 808 4115 Antiken
827 4065 874 4114 des
893 4063 1009 4117 archiol.
1028 4065 1165 4115 Museums
1183 4065 1211 4114 in
1224 4064 1331 4114 Breslau

186 4169 214 4228 p.
228 4151 255 4218 5)
274 4153 382 4218 Hydrae
401 4154 485 4220 capita
502 4161 610 4208 resecat.

288 4237 417 4305 1Theog.
439 4240 498 4303 175,
519 4241 578 4295 180.

286 4325 356 4382 ²Cl.
377 4329 517 4384 Ae1.hist.
537 4347 578 4384 am
599 4329 641 4392 13,
656 4329 698 4384 22.

287 4414 298 4451 ³
317 4419 356 4472 Cs.
377 4419 426 4472 Ov.
445 4423 551 4472 Metam.
571 4421 609 4470 IV
628 4417 776 4472 663-740.
