3154 5024
785 358 818 414 12

366 631 418 707 Η.
458 629 618 738 Perseus
646 633 830 711 Medusae
857 631 1061 710 dormienti
1088 633 1250 732 obrepit.

712 787 792 848 Voso
808 789 896 861 pieta

335 942 361 999 1.
385 937 512 998 Cratera
531 939 581 1014 lig.
603 939 668 1000 rub.
691 939 789 998 musei
810 939 962 999 archaeol.
984 937 1169 997 Matritensis
1184 955 1212 996 n.
1230 933 1372 1007 11,0001‚

234 1043 282 1101 ed.
306 1041 416 1098 Museo
446 1041 572 1116 espanol
598 1041 638 1097 de
660 1041 894 1115 Antiguedades
923 1041 937 1098 1
964 1041 1026 1101 tab.
1053 1039 1101 1099 22.
1146 1036 1184 1098 cl.
1213 1036 1369 1108 Huebner‚

236 1150 297 1202 ant.
320 1141 427 1201 Bildw.
450 1159 477 1199 v.
500 1139 624 1198 Madrid
643 1159 672 1202 n.
696 1143 766 1200 391.

331 1241 366 1300 In
395 1241 547 1300 anteriore
576 1243 713 1318 picturae
745 1250 833 1319 parte
866 1257 1011 1316 magnum
1035 1241 1186 1300 Medusae
1219 1257 1370 1318 corpusa

233 1345 289 1405 sin.
312 1345 354 1402 ad
373 1344 443 1402 dex.
466 1344 639 1401 extenditur
662 1345 705 1403 ita
727 1352 761 1401 ut
776 1351 873 1402 totam
885 1341 1023 1418 picturae
1041 1342 1234 1400 latitudinem
1250 1342 1371 1418 expleat

233 1453 326 1522 atque
348 1453 517 1503 ceterarum
545 1445 708 1522 figurarum
729 1446 826 1521 pedes
849 1452 944 1519 tegat.
991 1442 1108 1520 Corpus
1134 1445 1272 1520 superius
1297 1462 1371 1502 saxo

233 1546 361 1606 fulcitur.
405 1545 538 1606 Medusa
568 1537 650 1604 alata
680 1555 727 1605 est
749 1545 868 1622 magnis
891 1546 947 1604 alis
969 1532 1159 1614 umeralibus,
1191 1545 1301 1603 vestita
1328 1553 1373 1603 tu·

232 1648 302 1707 nica
322 1647 417 1716 brevi;
441 1647 534 1707 facies
555 1648 712 1725 antiquam
733 1649 861 1724 praebet
885 1647 1031 1716 formam;
1066 1648 1145 1706 oculi
1175 1647 1270 1706 clausi
1292 1655 1371 1715 sunt,

232 1751 336 1826 lingua
357 1758 476 1808 exserta
497 1757 554 1822 est,
577 1767 692 1824 angues
721 1751 844 1809 desunt.
888 1748 916 1810 S.
939 1747 1107 1807 Mercurius
1139 1756 1200 1806 stat
1226 1747 1372 1806 barbatus

232 1862 341 1930 petaso
363 1861 473 1930 tectus,
491 1871 584 1911 manu
603 1854 633 1913 d.
656 1855 734 1912 latus
757 1852 894 1920 fulciens
920 1869 942 1911 s.
966 1853 1134 1913 caduceum
1154 1859 1289 1925 gestans.
1333 1847 1372 1907 D.

232 1955 370 2014 Minerva
392 1962 454 2011 stat
474 1939 597 2012 manum
619 1956 649 2014 d.
667 1954 787 2030 tollens,
809 1972 832 2014 s.
850 1953 970 2011 hastam
984 1971 1088 2011 umero
1104 1952 1266 2019 acclinans,
1286 1965 1373 2024 prae·

232 2067 278 2116 ter
312 2055 391 2114 hanc
410 2055 494 2112 nulla
527 2073 559 2136 re
586 2055 721 2130 insignis.
765 2055 848 2114 Inter
874 2063 1037 2128 utrumque
1060 2045 1231 2111 Perseus'a
1250 2052 1280 2112 d.
1303 2067 1372 2126 pro·

233 2159 302 2226 silit,
321 2175 403 2232 genu
419 2174 442 2217 s.
456 2157 576 2226 inflexo,
600 2159 630 2216 d.
653 2165 687 2214 ut
705 2157 825 2215 videtur
840 2157 968 2230 directo,
990 2156 1089 2231 capite
1104 2154 1226 2222 reflexo,
1248 2151 1372 2209 vestitus

234 2259 337 2322 tunica
359 2259 438 2334 pileo
467 2258 558 2328 alato,
585 2257 709 2317 brachio
737 2277 759 2319 s.
787 2265 915 2315 extento
948 2257 1062 2330 cibisin‚
1094 2273 1185 2313 mann
1212 2256 1242 2314 d.
1266 2252 1372 2310 falcem

253 2376 351 2420 erens.

231 2378 252 2436 g
331 2463 358 2520 2.
381 2459 470 2535 Pyxis
492 2460 586 2518 attica
608 2437 678 2518 alba
701 2435 776 2518 mus.
793 2460 907 2535 Luper.
936 2459 985 2516 ed.
1009 2457 1153 2525 Dumont,
1178 2473 1258 2516 mon.
1288 2453 1371 2530 publ.

231 2580 307 2640 pour
328 2561 606 2638 l’encouragement
628 2562 684 2618 des
708 2559 748 2620 et.
768 2579 812 2636 gr.
830 2561 910 2619 1878
925 2561 987 2617 tab.
1004 2561 1021 2619 2
1036 2554 1091 2635 (-·-
1107 2557 1146 2617 D.
1159 2589 1200 2599 -
1212 2555 1372 2632 Chaplain‚

231 2662 289 2723 cer.
311 2663 351 2720 de
373 2663 403 2720 la
425 2661 478 2722 Gr.
500 2679 544 2737 pr.
567 2663 608 2737 pl.
631 2663 728 2739 suppl.
751 2654 801 2742 A).
820 2687 821 2692 ¹
1048 2651 1051 2660 '

329 2765 461 2824 Medusa
481 2765 513 2822 in
534 2764 662 2840 rupibus
692 2771 765 2821 ante
792 2764 933 2822 arborem
953 2761 1034 2820 iacet
1059 2761 1160 2836 capite
1183 2759 1225 2816 ad
1246 2758 1277 2817 d.
1300 2775 1374 2815 con·

234 2885 321 2926 verso
344 2866 399 2925 alis
420 2867 537 2942 magnis
570 2865 649 2925 facie
674 2865 812 2925 barbara.
856 2865 928 2923 As.
951 2861 1081 2920 Perseus
1114 2877 1204 2936 rupes
1235 2859 1375 2917 ascendit

232 2975 342 3043 petaso
365 2963 470 3027 alato2
491 2966 594 3042 caligis
622 2965 710 3022 alatis
739 2965 880 3042 iusignis;
914 2965 1016 3023 media
1044 2962 1156 3039 figurae
1178 2977 1248 3036 pars
1271 2959 1375 3016 deleta

231 3077 287 3130 est.
334 3069 435 3145 Caput
466 3068 595 3126 reflectit
630 3083 734 3124 versus
756 3065 942 3124 Mercurium
965 3073 996 3123 et
1017 3064 1186 3121 Minervam
1220 3062 1272 3136 qui
1304 3067 1376 3136 post

230 3188 301 3228 eum
334 3178 425 3229 stant.
482 3169 603 3226 Tertius
637 3169 773 3243 seqnitur
807 3167 968 3244 Neptunus
1000 3165 1124 3222 tridenti
1155 3165 1285 3222 innixus.
1335 3161 1373 3221 D.

231 3272 338 3347 Gorgo
358 3271 453 3330 sorori
476 3271 578 3329 similis
599 3271 708 3328 sedere
734 3270 861 3339 videtur,
885 3284 1067 3344 quamquam
1084 3267 1174 3325 sedes
1189 3284 1252 3324 non
1267 3266 1375 3324 adum·

230 3374 320 3432 brata
342 3381 401 3431 est.

329 3473 359 3533 3.
384 3473 469 3550 Cylix
502 3473 548 3549 lig.
571 3474 635 3533 rub.
658 3472 845 3556 collectionis
868 3470 1189 3546 Northamptonianae
1217 3467 1256 3526 cl.
1279 3467 1316 3526 A.
1339 3465 1372 3526 Z.

231 3575 311 3636 1846
335 3594 363 3650 p.
389 3574 458 3650 342,
478 3577 504 3634 9.
1181 3647 1182 3650 ¹

329 3673 460 3732 Perseus
475 3673 639 3733 Medusam
661 3675 836 3750 aggreditur
857 3674 1019 3752 pulchram
1042 3690 1121 3749 qnae
1145 3671 1245 3747 capite
1266 3661 1373 3729 averso

228 3777 260 3833 in
282 3794 358 3834 saxo
380 3775 520 3851 quiescit.

228 3950 426 3960 ...-..--——-

327 4046 337 4084 ¹
356 4051 484 4102 Huebner
493 4067 537 4101 vas
552 4057 668 4100 nostmm
678 4051 743 4101 vidit
756 4051 783 4100 in
793 4065 885 4100 museo
896 4050 1082 4104 bibliothecae.
1110 4052 1152 4100 De
1165 4051 1226 4100 loco
1237 4065 1290 4115 quo
1299 4061 1369 4098 nunc

229 4144 377 4190 asservatur
389 4138 526 4188 certiorem
539 4153 580 4187 me
600 4139 663 4188 lecit
676 4139 708 4192 0.
723 4137 804 4188 Cuntz
824 4137 1000 4199 amicissimus,
1021 4139 1062 4188 cui
1075 4139 1151 4188 etiam
1165 4137 1370 4188 delineationem

227 4229 298 4280 vasis
317 4227 411 4277 debeo.

327 4311 339 4348 2
357 4318 423 4364 Post
441 4323 559 4380 petasum
579 4317 698 4364 Dumont
723 4315 789 4364 vidit
808 4315 893 4365 lineas
913 4317 1008 4382 fulvas,
1026 4316 1122 4380 quibus
1142 4315 1251 4363 indicari
1270 4313 1373 4362 videtur
1395 4303 1399 4312 ¹

232 4406 334 4468 νυκτὸς
352 4405 440 4470 ζόφος
458 4403 535 4469 αἰνός
552 4405 674 4454 Plutonis
694 4405 792 4467 galeae.
