3154 5024
747 407 781 461 ⁵27

297 572 325 630 4.
350 569 477 628 Cratera
499 569 710 638 Bononiensis
742 569 790 628 ed.
826 566 1029 626 Luckenbach
1065 567 1102 626 A.
1138 569 1168 626 d.
1201 567 1222 624 1.
1259 568 1335 626 1881

199 672 280 732 tabb.
303 672 338 740 F,
365 671 402 730 G.

300 771 428 830 Perseus
447 789 539 829 manu
561 791 583 832 s,
607 771 757 829 Medusae
781 779 882 844 caput,
904 770 934 830 d.
956 771 1031 826 duas
1054 768 1157 826 hastas
1180 777 1272 827 tenet.
1300 767 1340 828 D.

198 872 382 950 Polydectes
411 875 515 949 capite
532 873 619 932 calvo
641 873 772 946 insignis,
801 871 956 946 usquead
979 878 1115 927 ventrem
1146 887 1215 927 cum
1237 869 1339 945 lapide

199 977 230 1031 in
254 991 314 1049 quo
330 976 419 1032 sedet
440 973 601 1034 concrevit.
637 973 817 1032 S.Minerva
840 972 959 1048 pedes,
983 989 1057 1030 saxo
1078 971 1182 1028 innixa
1204 979 1341 1030 mentum

198 1094 291 1135 manu
312 1095 335 1137 S.
356 1075 482 1134 fulciens
516 1083 634 1133 attente
665 1073 808 1131 Perseum
844 1072 982 1147 adspicit.
1006 1065 1030 1149 )(
1051 1071 1170 1128 Iuvenis
1201 1071 1341 1146 palliatus

200 1185 362 1254 tropaeum
385 1162 624 1252 contemplatur.

299 1282 327 1340 5.
350 1278 460 1354 Scyphi
482 1277 592 1335 Nolani
614 1278 643 1334 K
668 1279 704 1336 19
728 1277 807 1334 orbis
829 1275 991 1352 superioris
1012 1293 1082 1350 pars
1104 1276 1207 1335 altera.

299 1380 429 1438 Perseus
466 1380 544 1436 inter
582 1381 660 1437 duos
693 1379 772 1436 viros
807 1378 951 1436 sedentes
982 1385 1058 1446 stat,
1098 1395 1226 1452 quorum
1257 1377 1343 1434 alteri

200 1475 385 1560 (Polydecti)
407 1480 557 1539 Medusae
582 1489 674 1555 caput
708 1480 851 1558 ostendit,
881 1479 1008 1538 alterum
1032 1473 1169 1554 (Dictyn)
1198 1476 1275 1534 falce
1298 1476 1342 1534 in-

198 1601 295 1640 nuens
318 1583 431 1642 hortari
453 1582 584 1653 videtur,
605 1590 638 1638 ut
661 1581 767 1639 oculos
790 1588 914 1641 avertat.
1244 1574 1246 1579 ’

300 1687 326 1743 6.
349 1683 506 1758 Amphora
532 1681 663 1751 Nolana,
687 1682 734 1740 ed.
758 1681 863 1739 Philol.
885 1682 923 1739 27
947 1681 1006 1740 tab.
1028 1680 1081 1740 111.

302 1783 427 1842 Perseus
444 1783 643 1860 Gorgoneum
658 1783 816 1858 pulchrum
839 1800 857 1838 a
878 1783 957 1840 collo
974 1783 1080 1840 tollens
1096 1790 1244 1841 monstrat
1256 1781 1343 1856 Poly-

201 1885 295 1960 decti‚
319 1886 403 1942 cuius
426 1903 512 1943 crura
534 1886 594 1942 iam
616 1885 645 1942 iu
669 1903 774 1944 saxum
797 1901 946 1942 conversa
968 1893 1046 1944 sunt.
1082 1908 1087 1918 r

300 2169 344 2246 Ο.
377 2141 697 2246 Perseuseontra
722 2170 865 2244 Bacchi
891 2170 1055 2245 thiaeum
1085 2184 1243 2269 pugnat.

545 2325 621 2385 Vasa
643 2326 740 2400 nigris
760 2327 865 2399 tyaris
888 2329 1003 2386 urnula.

301 2475 336 2532 In
358 2476 403 2532 his
427 2475 554 2534 Perseus
576 2476 678 2550 gladio
702 2475 807 2533 stricto
829 2477 860 2532 in
883 2477 959 2534 duas
981 2476 1150 2536 Maenades
1175 2476 1267 2533 irruit.

303 2580 330 2636 l.
353 2577 509 2652 Amphora
533 2577 591 2634 loci
607 2577 713 2635 incerti
728 2579 777 2635 ed.
801 2579 842 2634 de
858 2577 950 2635 Witte
974 2577 1048 2638 Gaz.
1066 2578 1157 2638 Arch.
1180 2577 1194 2634 Ι
1219 2577 1280 2634 tah.
1295 2579 1343 2635 29.

203 2679 239 2738 cl.
263 2678 460 2736 Kretschmer
481 2679 518 2738 A.
542 2676 567 2754 J.
590 2677 648 2735 Vll
669 2698 699 2754 p.
722 2680 762 2738 32
777 2697 816 2738 ss·

299 2779 427 2838 Perseus
445 2779 589 2838 barbatus
611 2779 799 2854 subligaculo
824 2780 927 2854 caligis
949 2780 1067 2837 uncatis
1088 2789 1195 2854 petaso
1220 2779 1342 2838 vestitus

199 2880 302 2954 gladio
327 2871 433 2938 stricto
450 2881 643 2954 persequitur
664 2881 811 2956 virginem
833 2883 875 2938 ad
890 2882 919 2940 d.
944 2881 1110 2956 fugientem
1125 2883 1226 2940 tunica
1250 2883 1344 2956 longa

202 2982 354 3056 pallioque
370 2981 523 3049 vestitam;
547 2982 588 3038 ad
612 3001 632 3042 s.
655 2982 751 3040 altera
773 2984 855 3056 virgo
877 2983 967 3059 priori
989 2982 1088 3040 similis
1110 2982 1196 3059 fugit.
1230 2983 1256 3040 E
1274 2982 1343 3040 Per·

202 3084 243 3140 sei
272 3084 384 3140 lacerto
407 3102 429 3142 s.
453 3083 550 3142 cibisis
572 3101 685 3158 magna
715 3086 838 3162 pendet,
875 3094 951 3160 post¹
973 3102 1042 3142 eum
1065 3085 1154 3142 arbor
1183 3085 1264 3161 pieta
1287 3095 1341 3145 est.

201 3186 385 3260 Adscriptae
408 3193 477 3242 sunt
499 3186 616 3242 litterae
639 3203 728 3242 sensu
752 3195 897 3246 carentes,

299 3285 469 3344 Maenades
491 3287 603 3362 primus
627 3288 749 3362 agnovit
771 3287 803 3346 P.
826 3288 1019 3346 Kretschmer
1041 3290 1057 3346 l.
1080 3307 1105 3347 c.

301 3390 328 3446 2.
352 3387 510 3463 Amphora
534 3406 609 3446 mus.
630 3391 717 3449 acad.
734 3388 1001 3464 Wuerzburgensis
1020 3385 1151 3468 (Urlichs
1166 3389 1343 3448 Verzeichn.

200 3492 230 3548 d.
248 3489 470 3565 Wuerzburger
491 3489 797 3564 Antikensammlung
818 3493 946 3550 187211.
966 3487 1039 3568 121)
1064 3491 1134 3548 olim
1157 3490 1344 3550 collectionis

200 3587 391 3651 Feolianael.

302 3690 383 3764 Olim
405 3694 509 3767 putavi
534 3694 596 3750 hoc
619 3711 670 3750 vas
693 3694 772 3751 idem
810 3713 875 3752 esse
897 3704 989 3769 atque
1013 3695 1044 3751 id
1074 3695 1158 3770 quod
1179 3694 1344 3769 praecedit,

204 3796 306 3851 donec
328 3793 518 3854 Loeschclrio
548 3795 762 3867 intercedente
782 3796 846 3854 Sittl
878 3816 904 3854 v.
934 3796 968 3856 cl.
997 3795 1161 3858 liberaliter,
1184 3795 1347 3852 transmisit

199 3896 350 3970 picturam
373 3895 665 3970 Wuerzburgensem
686 3897 791 3953 charta
814 3897 963 3955 tralucida
981 3897 1172 3972 descriptam.
1218 3896 1344 3970 Figurae

199 3998 278 4054 vasis
301 3995 569 4072 Wuerzburgensis
594 4005 663 4054 sunt
684 3998 788 4073 paullo
820 3997 907 4054 aliter
931 4005 1048 4070 motae3
1071 3999 1242 4056 accuratius
1263 3997 1345 4073 picta

199 4106 245 4155 est
268 4098 380 4171 cibisis;
404 4098 525 4155 litterae
548 4099 668 4159 desunt.
1000 4096 1002 4102 ’

296 4347 307 4385 ¹
327 4352 496 4420 Campanari,
519 4354 572 4402 vasi
592 4353 686 4418 dipinti
712 4353 782 4402 della
807 4352 953 4402 collezione
972 4351 1049 4402 Feoli
1069 4368 1094 4403 n.
1114 4350 1147 4403 95
1167 4351 1262 4401 erravit
1287 4367 1343 4406 curu

197 4439 291 4502 figuras
314 4455 371 4490 esse
391 4441 481 4490 rubras
502 4442 642 4492 contendit.
