3154 5024
794 390 829 444 28

645 567 722 626 Vasa
740 569 822 641 picta
843 569 893 642 ἥρ.
916 568 980 627 rub.

469 698 595 758 Perseus
617 699 765 759 Medusae
787 700 886 776 capite
908 666 1024 776 satyros
1047 709 1149 760 terret.

338 853 365 912 3.
390 851 516 910 Cratera
542 851 572 908 in
595 849 759 911 Basilicata
788 860 918 928 reperta,
949 853 1000 911 ed.
1022 851 1180 930 Millingen
1209 854 1303 931 peint.
1338 855 1379 912 de

236 971 322 1012 vases
346 952 738 1030 3,1nghiramimon.etr.
761 953 788 1008 V
811 956 860 1016 43.
883 953 962 1033 Jahn
984 953 1088 1014 Philol.
1112 957 1151 1014 27
1176 956 1239 1016 tab.
1262 955 1326 1016 13.

334 1053 461 1112 Perseus
487 1055 638 1128 spectanti
662 1055 807 1113 adversus
834 1073 925 1114 manu
953 1056 983 1114 d.
1007 1055 1124 1114 sublata
1154 1065 1240 1114 tenet
1263 1056 1380 1134 Gorgo·

232 1171 326 1211 neum
340 1152 508 1228 pulchrum,
529 1172 552 1213 s.
570 1154 701 1214 demissa
716 1154 839 1229 harpen.
877 1155 971 1228 Quod
985 1157 1024 1212 ab
1045 1156 1110 1216 eius
1132 1159 1250 1218 cervice
1266 1160 1382 1233 pendet

233 1255 346 1329 pileum
368 1253 481 1312 alatum
512 1255 551 1311 ab
579 1253 703 1312 homine
733 1264 869 1315 nostrate
899 1256 1073 1316 restitutum
1101 1265 1156 1315 est.
1199 1257 1227 1317 S.
1256 1257 1380 1332 Satyrus

237 1357 279 1412 ad
299 1372 381 1432 genu
403 1355 572 1430 procubuit.
596 1357 623 1414 A
647 1358 677 1416 d.
703 1356 780 1416 alter
802 1358 935 1415 decurrit
958 1365 988 1414 et
1011 1357 1075 1433 ipse
1097 1359 1273 1418 concidens.

337 1457 365 1516 4.
389 1455 514 1514 Cratera
546 1458 641 1516 musei
663 1459 834 1516 Bonnensis
863 1477 961 1535 nuper
988 1459 1160 1536 Fontanae,
1188 1460 1237 1519 ed.
1262 1458 1383 1519 Curtius

240 1558 389 1618 Herakles
412 1559 467 1615 der
476 1557 571 1635 Satyr,
595 1559 696 1618 Berlin
712 1562 802 1633 1852.
826 1559 905 1636 Jahn
927 1560 945 1619 l.
962 1578 987 1618 c.
1011 1560 1100 1619 tab.I
1123 1561 1150 1620 3.
1174 1560 1212 1622 cf.
1229 1560 1384 1637 Archeep.

239 1659 372 1720 Mina.
396 1657 453 1719 Oe.
478 1661 558 1720 lere
579 1679 609 1737 p.
634 1663 693 1722 132
716 1679 746 1720 u.
771 1663 839 1725 100.

338 1761 466 1819 Perseus
487 1761 578 1838 priori
594 1762 705 1836 similis,
729 1761 880 1821 Medusae
904 1771 996 1838 caput
1012 1762 1161 1840 anguibus
1183 1763 1316 1826 cinctum
1331 1771 1386 1822 est.

236 1863 265 1924 A
292 1883 315 1922 s.
339 1862 459 1938 Satyrus
481 1883 643 1926 accurrens
665 1868 768 1928 oeulos
789 1885 881 1926 manu
905 1866 988 1942 tegit,
1024 1884 1061 1922 ex
1085 1866 1148 1924 eius
1169 1882 1261 1923 manu
1281 1865 1386 1924 taenia

240 1965 363 2024 humum
393 1967 486 2025 cadit.
529 1967 612 2030 Inter
638 1967 719 2026 hunc
751 1977 782 2026 et
804 1968 948 2026 Perseum
974 1967 1063 2026 arbor
1094 1975 1148 2028 est.
1171 1967 1198 2024 A
1221 1967 1251 2028 d.
1273 1975 1387 2025 noctua

237 2067 367 2126 advolat
391 2085 536 2126 coronam
557 2077 691 2145 portans.
932 2131 937 2143 ,

338 2168 366 2226 5.
390 2167 515 2228 Cratera
538 2169 617 2229 Barii
640 2181 762 2247 reperta
782 2189 857 2230 mus.
879 2170 1035 2246 Petropol.
1058 2189 1087 2229 n.
1111 2171 1200 2230 1609.

338 2269 464 2328 Perseus
485 2278 517 2328 et
541 2271 664 2348 Satyrus
692 2272 840 2349 prioribus
868 2281 902 2330 ut
923 2273 1043 2330 videtur
1064 2271 1190 2349 slmiles3
1222 2271 1260 2329 ab
1288 2271 1382 2328 altera

234 2369 339 2430 Persei
361 2381 449 2447 parte
474 2371 609 2432 Minerva
632 2383 701 2433 stat.

283 2658 324 2730 P.
354 2657 492 2736 Cetera
518 2669 776 2754 monumenta,
805 2657 943 2757 quibus
970 2658 1128 2734 Perseus
1155 2655 1338 2733 Medusae

484 2775 711 2851 interfector
736 2785 1040 2874 repraesentatus
1068 2786 1135 2848 est.

483 2943 684 3002 Monumenta
706 2961 786 3020 quae
808 2959 846 3000 ex
868 2943 974 3002 litteris
996 2943 1140 3001 novimus

336 3113 363 3152 a.
386 3094 421 3150 In
431 3093 566 3184 Aegypti
586 3094 701 3169 oppido
714 3091 894 3151 Chemmide
906 3091 1009 3150 Persei
1031 3068 1176 3168 templum
1199 3111 1266 3151 cum
1281 3093 1381 3153 herois

235 3195 395 3254 simulacro
418 3202 484 3251 erat
506 3194 545 3255 cf.
569 3193 684 3253 Herod.
707 3193 737 3252 Π
760 3197 807 3254 91.

333 3297 364 3354 b.
377 3295 553 3354 Parrhasius
568 3297 665 3373 pinxit
679 3291 720 3353 ‘in
734 3315 795 3354 nna
811 3297 916 3355 tabula
932 3315 1011 3373 quae
1026 3306 1072 3356 est
1080 3296 1182 3354 Rhodi
1194 3295 1380 3371 Meleagrum

235 3395 402 3454 Herculem
424 3381 555 3457 Persea&
579 3397 653 3456 run.
678 3399 728 3473 35,
752 3400 800 3459 es.

644 3587 700 3647 Vas
718 3588 831 3660 Mum
849 3587 899 3662 dy.
919 3589 982 3646 rub.

334 3720 361 3775 1.
386 3715 510 3775 Cratera
533 3719 659 3796 aprica,
683 3720 733 3778 ed.
756 3719 917 3796 Millingen
947 3738 1032 3780 vases
1053 3718 1171 3796 Coghill
1194 3720 1256 3779 tab.
1279 3721 1329 3787 28,
1355 3723 1380 3778 1.

334 3816 461 3876 Perseus
474 3818 504 3877 d.
522 3817 641 3888 falcem,
663 3840 685 3879 s.
709 3821 829 3879 hastam
854 3821 964 3879 umeris
981 3820 1133 3879 acclinans
1155 3822 1198 3880 ad
1212 3819 1380 3879 Minervam

236 3919 372 3979 accurrit.

673 4084 798 4157 Speculo
822 4088 945 4144 etrusco.

334 4219 360 4273 2.
384 4217 461 4278 Mus.
486 4217 595 4286 Berol„
616 4218 649 4278 B.
673 4237 700 4277 a.
714 4217 749 4278 B.
772 4219 801 4276 Il
825 4221 895 4286 141,
919 4220 968 4279 ed.
987 4218 1128 4277 Gerhard
1150 4221 1186 4279 E.
1209 4217 1260 4293 Sp.
1282 4217 1311 4274 V
1328 4222 1377 4278 71.

333 4317 461 4376 Perseus
483 4321 514 4376 in
546 4337 621 4378 saxo
644 4321 733 4378 sedet
755 4340 778 4380 s,
802 4319 912 4379 falcem
945 4330 1070 4390 tenens;
1103 4323 1132 4380 d.
1157 4321 1333 4390 Mercurius,
1356 4341 1377 4385 s.

234 4421 347 4478 iuvenis
370 4420 476 4478 bastae
498 4421 616 4478 innixus
638 4429 729 4480 stant.
