3154 5024
719 349 810 411 *52

229 535 312 594 canis
334 528 405 593 ille?
448 532 641 592 Meminimus
659 535 743 609 apud
758 533 927 592 Homerum
942 531 960 592 λ
976 534 1037 592 634
1053 526 1201 608 Γοργείην
1220 526 1366 607 κεφαλήν

229 638 313 714 apud
335 635 546 711 Proserpinam
567 635 598 692 in
619 635 718 694 inferis
740 634 887 696 habitare.
931 634 1031 691 Etiam
1052 633 1202 709 Vergilius
1226 633 1303 704 Aen.
1319 631 1366 690 VI

225 739 284 797 289
310 736 471 812 Gorgones
495 755 563 796 cum
590 737 655 794 aliis
677 737 817 794 monstris
844 737 875 794 in
897 736 1060 794 inferorum
1080 735 1203 793 introitu
1225 734 1363 792 collocat.

226 839 304 897 Puto
326 838 457 896 artifices
479 838 595 896 ionicos
617 836 692 895 illud
714 837 835 896 fabulae
855 845 1043 895 momentum
1058 837 1089 894 in
1106 837 1207 894 animo
1222 837 1365 894 habuisse

228 948 320 1016 atque
342 940 415 998 ideo
438 938 583 997 Perseum
607 941 648 996 ad
670 937 782 997 inferos
810 939 1050 998 descendentem
1078 938 1196 1014 secisse,
1229 938 1280 994 ubi
1302 937 1366 995 Me·

226 1043 334 1099 dusam
355 1041 547 1100 interficeret.
591 1040 679 1098 Tunc
701 1041 784 1099 canis
806 1039 853 1098 ille
875 1039 1024 1098 Cerberus
1047 1048 1102 1108 est,
1128 1056 1217 1113 quem
1237 1037 1366 1094 Perseus

226 1143 391 1218 praeterire
407 1142 512 1220 debet,
531 1149 565 1198 ut
580 1158 681 1198 rursus
697 1141 738 1200 ad
759 1140 857 1199 lucem
878 1141 1050 1216 perveniat;
1074 1139 1150 1197 colle
1172 1147 1276 1196 autem
1296 1145 1368 1212 post

227 1261 318 1321 quem
341 1243 423 1301 canis
445 1243 534 1300 sedet
557 1241 588 1310 in
609 1241 781 1318 anaglypho
797 1242 940 1316 Trysaeo‚
963 1241 1088 1300 indicari
1107 1242 1227 1298 videtur
1243 1238 1368 1298 Cerberi

224 1353 352 1404 antrum.

326 1445 460 1504 Tertiam
485 1443 512 1500 V
534 1445 647 1503 saeculi
669 1445 852 1521 sculpturam
874 1445 934 1502 hoc
956 1445 1023 1503 loco
1047 1445 1224 1520 subiungam
1246 1443 1367 1519 anagly-

228 1546 321 1622 phum
350 1547 610 1604 melicum'K
633 1548 681 1606 30.
731 1546 776 1604 lbi
807 1545 934 1604 Perseus
963 1564 1043 1622 equo
1075 1555 1178 1603 vectus
1205 1545 1369 1602 Medusam

225 1648 358 1722 necavit,
392 1665 471 1722 quae
498 1664 621 1722 pugnae
651 1646 747 1705 forma
775 1649 855 1705 adeo
881 1647 981 1705 aliena
1002 1656 1049 1705 est
1070 1648 1108 1706 ab
1132 1647 1277 1722 antiquae
1300 1647 1369 1704 artis

230 1749 352 1816 Perse0,
385 1757 418 1805 ut
451 1764 520 1806 eam
554 1748 705 1824 explicare
733 1767 795 1806 non
822 1767 985 1825 possemus,
1019 1748 1074 1806 nisi
1101 1749 1222 1806 adesset
1244 1749 1370 1806 alterum

231 1847 443 1925 anaglyphum,
466 1849 497 1905 in
520 1866 580 1923 quo
603 1849 855 1924 Bellerophontes
878 1849 1072 1908 Chimaeram
1094 1850 1237 1926 debellat,
1263 1858 1368 1909 nostro

232 1950 322 2026 plane
344 1949 531 2024 respondens
553 1957 645 2024 atque
666 1967 727 2006 una
748 1950 912 2010 inventum.
957 1949 1026 2023 Qua
1048 1969 1079 2006 re
1100 1951 1140 2007 ad
1159 1951 1290 2008 eandem
1306 1967 1369 2007 rem

230 2060 390 2126 utrumque
412 2049 618 2126 anaglyphum
633 2050 811 2126 pertinuisse
831 2051 935 2110 Brunn
957 2053 1089 2111 coniecit
1100 2047 1121 2126 ¹,
1145 2052 1196 2126 qui
1220 2052 1370 2109 imitatum

231 2171 297 2210 esse
319 2159 407 2227 putat
429 2151 573 2210 artificem
596 2153 767 2229 anaglypha
789 2153 1031 2228 aThrasymede
1052 2155 1084 2211 in
1105 2154 1180 2212 solio
1196 2153 1370 2228 Aesculapii

229 2251 386 2331 Epidaurii
417 2251 535 2328 sculpta
548 2249 569 2312 2.
603 2251 708 2326 'Quae
735 2254 788 2310 viri
822 2254 987 2312 doctissimi
1018 2255 1192 2314 coniectura
1224 2253 1369 2313 refutatur

231 2353 425 2428 inscriptione
441 2352 589 2429 Epidauri
609 2349 755 2430 reperta8
776 2373 837 2431 qua
851 2354 1091 2429 Thrasymedem
1114 2364 1223 2430 quarto
1246 2356 1369 2413 demum

231 2454 354 2512 saeculo
376 2454 484 2512 vixisse
506 2455 661 2513 evincitur.
704 2455 831 2514 Rectius
852 2456 943 2531 igitur
968 2457 1028 2516 iam
1057 2466 1149 2515 antea
1169 2452 1370 2515 Loeschcke4

229 2575 267 2614 ex
289 2558 402 2615 eodem
423 2555 593 2614 traditionis
614 2555 700 2642 fonte
722 2555 882 2632 utrumque
906 2558 1049 2615 artificem
1071 2558 1205 2617 hausisse
1229 2558 1344 2617 docuit.

326 2656 370 2715 Ut
383 2674 523 2715 vasorum
537 2656 762 2734 pingendorum
784 2675 832 2716 ars
854 2659 999 2733 processit
1015 2667 1105 2735 atque
1121 2678 1139 2715 e
1159 2677 1265 2716 severa
1285 2657 1368 2716 facta

181 2815 182 2820 ,
230 2768 275 2818 est
297 2758 431 2835 pulchra,
460 2758 556 2832 magis
581 2759 739 2834 magisque
762 2758 894 2834 pictores
917 2759 1041 2835 vestigia
1064 2768 1200 2818 veterum
1222 2759 1370 2817 artificum

227 2860 414 2934 reliquerunt
440 2867 532 2934 atque
558 2876 639 2931 nova
666 2868 698 2916 et
726 2858 893 2916 difficiliora
918 2860 959 2917 ad
986 2859 1173 2937 pingendum
1200 2860 1255 2918 sibi
1277 2877 1369 2934 quae·

229 2961 351 3022 sierunt.
886 2971 888 2980 ’

179 3043 181 3052 ’
329 3062 365 3119 In
380 3061 531 3119 Medusae
553 3061 650 3118 caede
669 3062 826 3137 pingenda
848 3080 910 3120 non
932 3063 992 3120 iam
1014 3065 1045 3120 id
1068 3062 1213 3139 temporis
1235 3080 1370 3121 momen·

229 3173 292 3221 tum
310 3163 439 3240 eligitur,
461 3180 523 3240 quo
539 3161 667 3220 Perseus
682 3162 833 3221 Medusae
849 3171 942 3239 caput
957 3173 1086 3232 resecat,
1107 3166 1162 3222 sed
1184 3172 1371 3222 momentum

229 3265 431 3323 antecedens:
469 3264 594 3323 Perseus
621 3263 770 3321 Medusae
798 3264 960 3322 dormienti
990 3267 1096 3323 obre
1109 3265 1174 3340 pit
1199 3263 1242 3337 (H
1269 3259 1372 3340 1-3).

232 3365 300 3422 Tali
322 3367 416 3424 modo
438 3383 551 3424 scaena
566 3365 617 3422 illa
633 3364 758 3441 antiquo
774 3374 888 3423 terrore
904 3367 1035 3439 orbatur,
1059 3365 1263 3441 spectantium
1279 3365 1371 3423 animi

230 3467 326 3542 magis
347 3469 555 3526 attenduntur.
599 3465 757 3539 Quantum
781 3467 822 3524 ad
844 3467 1046 3542 mitigandum
1070 3465 1226 3544 Gorgonei
1257 3467 1372 3524 vultum

233 3585 347 3627 scaena
367 3569 411 3626 ita
431 3568 590 3626 immutata
610 3569 734 3626 valuerit
757 3586 847 3645 supra
869 3570 1041 3629 monstravi.

329 3671 430 3729 Etiam
452 3688 533 3728 nova
555 3678 586 3727 et
609 3669 747 3727 inaudita
764 3670 888 3744 pingere
904 3672 1018 3727 audent
1033 3668 1133 3744 figuli:
1157 3669 1301 3728 Graeae
1323 3670 1371 3727 vix

231 3771 420 3846 cogitatione
435 3770 652 3846 exprimendae
667 3769 833 3845 pinguntur
848 3765 946 3848 (E1);
970 3779 1041 3827 ante
1056 3771 1256 3845 spectantium
1269 3771 1372 3829 oculos

328 3949 428 4004 1Abh.
448 3952 474 4003 d.
493 3950 601 4002 Miinch.
621 3951 676 4003 Ak.
697 3950 765 4003 1872
783 3969 809 4018 p.
829 3949 888 4004 535.

328 4037 340 4106 ⁹.
359 4042 392 4092 cs.
411 4043 489 4093 Paus.
508 4042 536 4089 ΙΙ
555 4037 597 4092 27.
634 4041 706 4090 idern
735 4040 846 4090 Brunnii
864 4041 1042 4105 disputatione
1061 4057 1114 4092 non
1132 4042 1236 4106 cognita
1260 4041 1373 4090 coniecit

228 4131 336 4198 Sixpde
357 4130 480 4192 Gorgone
499 4146 524 4193 p.
544 4127 586 4180 55.

328 4213 396 4268 ³Cs.
416 4217 528 4266 Foucart
547 4215 618 4268 Bull.
648 4217 682 4264 de
711 4232 777 4268 corr.
797 4217 862 4266 hell.
882 4219 950 4267 XIV
970 4235 995 4283 p.
1015 4216 1079 4284 {1923
1109 4218 1206 4268 Gurlitt
1223 4217 1304 4270 Arch.
1332 4233 1373 4283 ep.

230 4309 298 4359 Mitt.
318 4323 341 4358 a.
360 4307 407 4358 Oe.
426 4306 495 4355 XIV
514 4321 539 4370 p.
561 4303 620 4358 129.

327 4392 339 4427 ⁴
358 4395 399 4443 De
418 4394 475 4442 basi
495 4395 620 4460 Spartana
640 4411 665 4460 p.
685 4393 728 4446 tls».
