3154 5024
813 401 848 456 38

259 601 301 674 R.
351 598 602 687 Andromeda
623 626 647 674 a
673 599 810 675 Perseo
836 598 967 675 adiuta
992 585 1041 676 de
1068 625 1164 700 rupo
1190 599 1397 677 descendit.

490 750 723 810 Monumentum
747 752 833 827 quod
854 769 892 809 ex
913 750 1007 810 literis
1030 752 1178 813 novimus.

356 879 499 945 ‘Nicias
526 885 599 943 iecit
622 894 653 943 et
675 886 808 962 grandes
830 886 964 962 picturas
984 887 1014 943 in
1039 886 1149 962 quibus
1173 896 1244 947 sunt
1267 887 1398 966 Calypso

260 997 291 1046 et
312 988 347 1046 Io
371 996 402 1048 et
423 981 692 1048 Andromeda'.
733 987 809 1046 Plin.
834 989 975 1066 35‚132.

655 1141 859 1199 Monumenta
881 1150 1009 1201 servata.

360 1261 489 1318 Perseus
511 1260 640 1335 pedibus
663 1259 762 1327 alatis,
788 1276 880 1317 manu
901 1277 924 1318 s.
946 1259 1064 1336 harpen
1086 1268 1116 1319 et
1138 1260 1287 1321 Medusae
1310 1271 1401 1337 caput

260 1371 333 1438 ¹post
357 1370 476 1438 tergum
497 1363 636 1420 condens
657 1378 677 1418 a
698 1362 729 1421 d.
753 1362 876 1420 accedit
898 1363 940 1420 ad
961 1380 1078 1438 rupem,
1100 1364 1183 1420 unde
1205 1363 1403 1422 Andromeda

261 1472 386 1540 pectore
409 1464 438 1520 d.
460 1464 545 1521 nudo
568 1463 739 1538 descendit,
762 1465 888 1540 eiusque
911 1463 1058 1522 lacertum
1085 1481 1109 1523 s.
1131 1482 1224 1522 manu
1254 1466 1283 1524 d.
1308 1464 1401 1526 fulcit.

260 1573 343 1632 Infra
372 1591 426 1632 eos
449 1572 544 1632 Cetus
573 1574 604 1630 in
626 1572 716 1632 undis
738 1573 872 1632 moritur.
916 1573 952 1630 In
978 1573 1102 1648 picturis
1132 1576 1214 1635 9-4
1240 1581 1400 1650 praeterea

260 1676 374 1734 adsunt
397 1673 489 1734 binae
512 1675 653 1732 mulieres
674 1675 706 1732 iu
731 1675 811 1733 saxis
843 1675 987 1733 sedentes
1009 1668 1110 1757 Ιἀκταί
1137 1676 1305 1734 secundum
1328 1674 1402 1734 Hel-

261 1767 401 1852 bigium¹.
511 1856 514 1866 Ι

562 1893 564 1898 ’
648 1887 787 1946 Picturoe
809 1886 1011 1960 Pompeianae.

363 2019 387 2073 1.
410 2013 449 2071 H.
475 2013 566 2080 1186,
588 2013 638 2072 ed.
661 2009 740 2070 Mus.
767 2011 858 2073 Borb.
881 2010 911 2066 V
925 2013 974 2087 32,
999 2011 1066 2070 Gell
1089 2011 1194 2088 Pomp.
1216 2012 1244 2069 11
1268 2002 1317 2084 67,
1340 2015 1401 2072 Ro·

262 2115 365 2173 chette
388 2113 477 2172 choix
499 2114 561 2174 tab.
586 2115 635 2172 26.
806 2156 810 2164 .

359 2217 386 2276 2.
409 2215 449 2275 Η.
474 2217 565 2285 1187,
588 2216 638 2273 ed.
660 2215 739 2274 Mus
765 2213 854 2274 Borb.
877 2215 920 2271 VI
943 2217 993 2284 50,
1016 2215 1101 2272 Zahn
1123 2215 1165 2273 111
1190 2218 1237 2273 71:

360 2319 388 2377 3.
410 2316 451 2376 Η.
474 2317 565 2392 1188,
585 2317 636 2376 ed.
659 2315 727 2374 Pitt.
750 2312 851 2375 d’Erc.
874 2315 917 2372 IV
940 2320 968 2383 7,
992 2316 1078 2372 Zahn
1101 2316 1114 2372 1
1137 2317 1187 2395 84.
1244 2316 1259 2338 ·“

358 2421 388 2477 4.
411 2417 451 2477 Η.
475 2418 555 2477 1189
577 2411 722 2496 (deleta).

360 2522 388 2578 5.
411 2518 448 2579 cf.
472 2517 544 2575 Mau
565 2518 674 2576 Roem.
696 2518 775 2578 Mitt.
801 2517 829 2574 V
852 2537 882 2594 p.
908 2519 979 2593 233,
1003 2520 1021 2576 2
1045 2513 1151 2595 (delio.
1176 2516 1314 2591 ibidem).

360 2623 387 2679 6.
411 2619 440 2680 8.
462 2620 532 2679 518.

361 2721 389 2781 7.
410 2719 439 2780 S.
463 2723 534 2782 519.

353 2824 388 2881 ·8.
410 2821 450 2883 Η.
476 2823 556 2880 1190
572 2819 716 2898 ¹(deleta).

360 2926 388 2982 9.
410 2922 449 2981 H.
474 2922 553 2982 1191
577 2916 723 3001 (sortasse
745 2925 856 2982 eadem
878 2933 970 2999 atque
991 2926 1180 3001 praecedens
1202 2921 1274 2998 est).

360 3026 408 3085 10.
430 3023 501 3081 Huc
523 3023 675 3099 pertinere
696 3025 815 3083 videtur
839 3025 956 3101 pictura
978 3025 1009 3082 H
1033 3026 1112 3086 1185
1136 3019 1277 3103 (deleta),
1309 3043 1399 3102 quam

260 3124 421 3200 descripsit
440 3123 568 3182 Schulze
590 3124 627 3184 A.
650 3126 679 3184 d.
702 3124 725 3184 1.
753 3126 831 3184 1898
854 3144 883 3200 p.
910 3125 984 3186 183:

356 3220 573 3285 ‘Andromeda
595 3226 735 3284 manibus
757 3226 855 3301 passis
875 3227 916 3284 ad
931 3244 1039 3303 rupem
1056 3227 1157 3284 adfixa
1171 3234 1230 3298 est,
1254 3227 1402 3302 adquam

261 3328 382 3386 accedit
405 3326 533 3384 Perseus
555 3327 670 3402 harpen
685 3345 776 3385 manu
794 3337 901 3386 tenens
917 3337 988 3403 post
1002 3334 1171 3386 monstrum
1184 3315 1400 3388 interfectum’.

733 3486 921 3563 Anapippim.

360 3623 408 3680 11.
442 3620 520 3678 Mus.
549 3619 722 3695 Capitolini,
758 3619 806 3679 ed.
835 3619 960 3688 centies,
991 3621 1105 3695 optime
1136 3621 1295 3680 Schreiber
1327 3623 1398 3682 hell.

259 3721 463 3780 Relieibilder
483 3720 549 3781 XII.
593 3721 795 3787 Andromeda
816 3720 965 3796 hicplene
988 3722 1097 3780 vestita
1119 3740 1137 3778 a
1160 3723 1255 3780 latere
1278 3723 1397 3799 conspi-

259 3823 347 3899 citur3
369 3823 499 3883 Perseus
521 3839 643 3879 manum
665 3839 689 3879 s.
711 3829 783 3896 post
806 3830 925 3896 tergum
947 3822 991 3879 ita
1013 3823 1100 3882 abdit
1122 3823 1253 3899 utquid
1275 3841 1312 3882 ea
1333 3840 1402 3900 por·

259 3924 330 3983 tarit
352 3940 416 3981 non
438 3922 607 3980 videamus.

359 4025 407 4084 12.
431 4023 605 4100 Anagiyphi
627 4041 719 4100 supra
740 4018 783 4101 (K
806 4022 859 4099 31)
885 4025 1029 4100 descripti
1050 4043 1120 4100 pars
1144 4028 1260 4086 dextra.

361 4127 409 4184 13.
432 4125 650 4200 Fragmentum
663 4125 792 4183 instituti
808 4125 1032 4202 archaeologici
1049 4126 1188 4198 Romani,
1212 4125 1403 4185 Meta-Duhn

257 4247 288 4286 n.
311 4228 403 4287 2894.

357 4419 420 4481 1ci.
439 4433 473 4481 A.
494 4432 521 4482 Ζ.
543 4429 656 4498 186312.
678 4429 739 4484 117.
770 4429 867 4482 Rhein.
888 4431 957 4482 Mus.
978 4429 1013 4484 24
1031 4447 1057 4497 p.
1077 4428 1129 4483 497
1150 4447 1171 4482 s.
