3154 5024
789 369 825 424 tn

787 566 827 625 II.

601 705 628 762 1.
663 703 709 762 De
730 703 832 762 Persei
852 707 1015 764 armatura.

336 837 426 914 Apud
446 833 640 896 Hesiodum¹
663 837 790 897 Perseus
817 845 951 896 armatus
977 845 1025 894 est
1057 838 1233 914 crepidis
1256 837 1392 923 alatis·

237 933 426 1015 (πτερόεντα
446 934 577 1014 πέδιλα)
601 939 728 1016 gladio
757 933 965 1014 (μελάνδετον
996 933 1071 1015 ἄορ)
1092 938 1217 998 cibisi
1251 933 1378 1016 (κίβισις

239 1033 391 1116 ἀργυρέη)
415 1039 590 1098 Plutonis
612 1041 718 1120 galea
746 1034 869 1118 (Ἄιδος
892 1036 1011 1114 κυνέη),
1042 1040 1126 1115 apud
1147 1035 1378 1114 Pherecydem²

239 1140 379 1217 crepidas
403 1141 509 1199 cibisin
530 1141 650 1218 galeam
672 1139 781 1216 accipit
804 1139 991 1216 aNymphis.
1035 1139 1225 1198 Illustrantur
1243 1139 1378 1216 quodam

237 1244 332 1301 modo
364 1243 413 1302 illa
445 1243 625 1318 scriptorum
649 1243 823 1302 testimonia
852 1243 966 1301 vasculi
992 1241 1191 1300 chalcidensis
1223 1241 1249 1298 E
1274 1243 1289 1300 1
1316 1240 1378 1315 pic·

238 1351 316 1418 tura,
340 1344 371 1401 in
393 1361 454 1420 qua
476 1352 537 1401 tres
553 1343 711 1420 Nymphae
727 1341 840 1402 Perseo
857 1344 988 1402 offerunt
1010 1342 1149 1418 crepidas
1173 1341 1270 1400 alatas
1291 1349 1377 1417 peta-

238 1461 304 1501 sum
327 1444 447 1518 cibisin;
468 1445 572 1520 gladio
594 1445 654 1503 iam
676 1445 791 1503 cinctus
816 1453 864 1503 est
886 1445 986 1504 heros,
1030 1444 1152 1502 Eadem
1170 1461 1255 1502 arma
1271 1459 1377 1501 occur·

238 1552 309 1602 runt
320 1544 352 1602 in
363 1545 482 1621 reliquis
495 1546 566 1604 artis
578 1545 805 1622 antiquissimae
816 1545 1031 1605 monumentis.
1054 1545 1162 1622 Neque
1174 1561 1246 1602 vero
1259 1561 1379 1620 semper

238 1645 365 1704 artifices
376 1655 494 1704 veteres
505 1646 622 1705 illorum
633 1665 783 1706 armorum
794 1649 852 1704 vim
861 1647 992 1706 divinam
1006 1647 1174 1722 significare
1185 1645 1289 1705 conati
1299 1653 1378 1706 sunt.

239 1746 424 1824 Crepidae
436 1749 560 1824 quidem
570 1749 670 1806 alatae
682 1749 792 1808 suntin
804 1749 928 1808 vasculo
943 1749 1137 1817 chalcidensi,
1152 1748 1184 1806 in
1195 1747 1315 1822 reliquis
1327 1764 1378 1806 au·

239 1859 303 1908 tem
317 1851 521 1910 monumentis
538 1851 752 1927 antiquissimis
768 1853 899 1910 eandem
915 1851 1042 1910 formam
1053 1851 1167 1908 habent
1178 1859 1272 1925 atque
1284 1849 1380 1926 crepi-

239 1951 299 2008 dae
321 1951 360 2010 ab
385 1949 451 2009 aliis
470 1951 609 2028 personis
623 1960 774 2028 portatae.
818 1951 898 2011 Unci
913 1953 993 2012 enim
1008 1951 1071 2009 sive
1087 1951 1215 2010 laciniae
1231 1957 1379 2016 scorteae,

239 2069 319 2127 quae
334 2053 511 2128 emarginis
526 2053 687 2128 superioris
700 2061 788 2129 parte
802 2053 952 2112 anteriore
968 2061 1060 2129 atque
1081 2052 1234 2109 interdum
1256 2067 1273 2106 e
1293 2057 1379 2126 parte

239 2153 409 2229 posteriore
432 2156 577 2232 pendent,
599 2155 706 2214 iniuria
727 2155 800 2214 mihi
821 2175 840 2214 a
859 2155 928 2214 viris
951 2155 1050 2212 doctis
1072 2151 1218 2228 appellari
1239 2151 1380 2209 videntur

241 2253 319 2323 alae,
340 2273 439 2331 neque
454 2255 536 2314 enim
551 2257 649 2314 solum
660 2255 763 2315 Persei
778 2255 918 2315 Mercurii
932 2256 1019 2314 Iridis
1035 2243 1152 2331 caligae
1168 2252 1279 2312 talibus
1294 2251 1379 2310 uncis

240 2362 368 2414 ornatae
383 2364 463 2434 sunt,
486 2357 543 2414 sed
558 2357 648 2416 etiam
668 2357 794 2416 aliarum
809 2373 1015 2433 personarum,
1031 2356 1113 2414 velut
1127 2357 1158 2412 in
1172 2352 1377 2413 monumentis

240 2455 351 2514 nostris
367 2454 546 2531 Gorgonum
561 2453 689 2534 (etita,
707 2460 754 2528 12,
772 2454 835 2534 14),
851 2474 930 2534 quae
945 2475 1012 2516 cum
1027 2457 1082 2515 alls
1096 2455 1277 2514 umeralibus
1291 2470 1379 2530 prae·

240 2555 324 2614 ditae
344 2555 411 2633 sint,
427 2557 566 2616 nimirum
580 2576 681 2617 carere
696 2567 825 2635 possunt
839 2557 893 2618 alis
907 2559 1077 2635 pedalibus.
1105 2557 1153 2616 Ne
1167 2566 1240 2616 tunc
1255 2555 1379 2632 quidem

238 2657 301 2716 alas
322 2674 491 2734 agnoscere
513 2678 645 2736 possum,
676 2678 744 2721 cum
766 2662 894 2720 laciniae
913 2663 983 2720 illae
1004 2663 1159 2738 plumatae
1181 2676 1250 2719 esse
1271 2656 1377 2716 viden·

239 2766 296 2827 tur,
327 2767 361 2817 ut
381 2759 413 2817 in
432 2761 462 2817 K
486 2764 513 2832 l,
540 2764 567 2832 6,
597 2781 668 2822 nam
689 2764 817 2822 easdem
837 2764 961 2822 lacinias
982 2763 1132 2839 plumatas
1154 2759 1266 2838 Apollo
1286 2746 1380 2818 habet

238 2859 275 2919 A.
297 2859 326 2918 d.
348 2857 374 2936 J.
399 2861 479 2922 1856
499 2863 560 2921 tab.
584 2866 624 2924 10
636 2859 659 2940 ³,
681 2864 730 2923 cui
748 2883 840 2923 nemo
860 2864 972 2922 tribuet
994 2863 1133 2939 crepidas
1154 2862 1258 2920 alatas.

340 2959 506 3033 Quomodo
538 2964 738 3040 explicandae
771 2967 832 3022 sint
868 2965 998 3024 laciniae
1032 2965 1197 3040 plumatae,
1234 2963 1381 3020 docemur

242 3062 365 3120 vasculo
402 3065 536 3138 quodam
568 3067 660 3124 cruris
695 3065 792 3124 forma
818 3067 849 3123 in
878 3083 986 3124 museo
1015 3065 1193 3124 academico
1225 3063 1380 3121 Bonnensi

239 3174 402 3225 asservato.
446 3166 492 3223 Ibi
520 3167 601 3226 enim
631 3151 764 3226 anterior
789 3169 907 3244 caligae
933 3185 1038 3243 margo
1063 3175 1222 3243 superatur
1247 3164 1380 3240 palmula

239 3283 361 3341 magna.
406 3266 513 3325 Talem
542 3276 643 3327 autem
665 3269 826 3344 palmulam
859 3288 877 3328 a
907 3270 1002 3327 latere
1033 3276 1229 3343 conspectam
1250 3281 1379 3323 necesse

241 3374 287 3426 est
313 3367 376 3425 fieri
401 3386 512 3426 uncum
535 3370 711 3444 plumatum,
735 3372 854 3444 qualem
877 3371 1013 3428 videmus
1035 3371 1067 3426 in
1088 3367 1294 3426 monumentis
1316 3368 1380 3425 lan·

240 3468 329 3528 datis.
360 3469 438 3526 Alae
452 3469 540 3544 igitur
553 3470 684 3546 pedales
699 3472 840 3547 propriae
856 3471 948 3529 fuisse
963 3471 1103 3530 videntur
1118 3467 1376 3542 Chalcidensium,

239 3570 290 3643 qui
317 3569 360 3628 eis
388 3588 496 3628 ornare
516 3571 656 3630 solebant
681 3572 753 3630 levis
779 3581 949 3632 armaturae
971 3571 1078 3630 milites
1100 3572 1181 3628 velut
1202 3588 1230 3628 e.
1251 3589 1279 3645 g.
1296 3566 1379 3628 Pari·

240 3671 311 3729 dem
321 3667 344 3731 4.
389 3670 591 3731 Confirmatur
612 3674 670 3732 hac
692 3692 724 3732 re
739 3675 771 3731 id
787 3675 872 3750 quod
887 3674 955 3732 aliis
971 3690 1094 3749 quoque
1110 3673 1210 3732 causis
1223 3671 1380 3747 probatur,

243 3769 327 3829 Scuti
337 3770 480 3830 Herculei
495 3783 661 3843 auctorem,
677 3775 727 3850 qui
742 3775 822 3833 adeo
834 3774 942 3851 premit
955 3773 1059 3832 Persei
1066 3767 1242 3849 πτερόεντα
1256 3767 1379 3846 πέδιλα,

240 3879 312 3931 ante
335 3874 441 3931 oculos
463 3873 604 3933 habuisse
627 3876 698 3935 artis
722 3876 871 3946 euboicae
893 3883 1102 3934 monumenta.

339 3973 481 4032 Exeunte
518 3977 642 4034 demum
682 3977 833 4052 nigrarum
873 3975 1034 4050 figurarum
1075 3985 1140 4032 arte
1176 3973 1257 4049 figuli
1298 3973 1380 4032 attici

340 4139 410 4193 ¹Sc.
430 4145 466 4195 H.
486 4141 634 4197 220-2‘28.

338 4227 459 4284 2ειιιοι.
478 4233 531 4298 Ap.
551 4234 605 4284 nh.
624 4235 665 4282 ιν
686 4232 762 4286 1515.
791 4277 794 4286 .

339 4315 350 4351 ³
368 4321 433 4368 Item
453 4321 600 4384 sagittarius
621 4320 823 4389 (Clytotoxusi)
842 4322 961 4372 Gerhard
981 4323 1015 4373 A.
1035 4321 1068 4372 V.
1090 4319 1149 4373 191.

340 4405 487 4460 tfierhard
506 4413 540 4461 A.
561 4411 593 4464 V.
613 4409 673 4466 322.
