3154 5024
749 363 784 417 59

150 537 153 544 '
195 542 226 601 in
247 561 351 602 aurum
376 562 408 602 se
430 545 624 619 convertisse,
646 546 820 621 priusquam
835 555 938 606 autem
960 563 1027 604 cum
1049 545 1163 622 virgine
1189 563 1331 606 concum-

196 644 291 714 beret,
313 662 413 704 rursus
436 646 527 704 deum
549 646 663 705 facturn
684 664 753 706 esse
776 648 1009 709 contenderunt.

295 748 415 807 Eodem
436 749 487 806 illo
510 748 657 808 Demetrii
676 749 744 806 loco
764 749 847 806 nisus
866 747 969 807 Brunn
986 748 1214 808 Andromedam
1229 748 1336 807 Niciae

195 851 426 924 agnoscendam
448 867 516 908 esse
539 851 670 908 coniecit
689 851 720 908 in
735 851 838 908 tabula
854 869 872 908 a
886 849 1066 909 Philostrato
1081 849 1095 906 l
1111 851 1150 910 29
1166 850 1334 926 descripta;

194 968 275 1027 quae
296 961 401 1010 tamen
424 951 589 1027 descriptio
611 960 736 1028 propter
758 952 1012 1028 compositionem
1037 952 1144 1008 miram
1170 969 1207 1010 ac
1235 969 1336 1027 paene

194 1052 331 1128 ineptam
352 1052 614 1128 propugnaculum
637 1069 757 1128 semper
779 1052 834 1111 fuit
856 1069 961 1110 eorum
984 1053 1035 1127 qui
1050 1053 1251 1111 Philostratus
1272 1070 1335 1110 non

196 1153 395 1232 descripsisse
415 1172 502 1212 veras
525 1155 672 1228 imagines
696 1135 803 1213 contra
818 1154 983 1212 Brunnium
1006 1155 1239 1213 contenderunt.
1273 1153 1334 1212 Ne-

194 1274 255 1331 que
281 1275 357 1314 vero
384 1275 461 1333 opus
489 1266 536 1316 est
562 1266 595 1315 ut
623 1257 774 1326 hocloco
797 1265 996 1316 retractemus
1021 1256 1061 1314 de
1083 1254 1333 1316 Philostratorum

194 1357 254 1416 fide
274 1359 487 1433 quaestionem
509 1357 726 1426 difficillimam,
760 1359 904 1434 quoniam
926 1358 951 1416 si
976 1358 1091 1416 omisso
1112 1357 1272 1416 Demetrio
1295 1375 1334 1416 ea

194 1467 366 1534 spectamus
393 1477 470 1534 quae
499 1461 538 1517 de
560 1459 667 1518 Niciae
697 1467 762 1517 arte
792 1460 863 1516 alibi
892 1461 1062 1528 traduntur,
1097 1458 1220 1517 offertur
1245 1459 1334 1517 nobis

197 1561 379 1636 compositio
412 1579 492 1636 quae
524 1561 566 1618 ad
599 1561 681 1618 illurn
709 1561 857 1636 pictorem
886 1561 1033 1620 referatur
1062 1561 1240 1636 dignissima
1272 1577 1335 1618 non

193 1662 291 1720 solum
317 1662 441 1737 picturis
463 1662 491 1719 R
514 1665 626 1731 1—10,
661 1664 720 1721 sed
749 1663 840 1720 etiam
872 1661 1050 1739 anaglyphis
1074 1663 1195 1724 11—16
1225 1662 1333 1720 statuis

195 1764 242 1831 18,
266 1765 304 1822 19
332 1763 459 1838 gemmis
487 1765 610 1822 20-22
636 1765 766 1822 nummis
793 1765 915 1824 23-26
943 1764 1068 1821 tradita:
1101 1760 1231 1822 Perseus
1263 1772 1335 1839 post

194 1873 362 1924 monstmm
384 1866 577 1924 interfectum
599 1866 830 1924 Andromedam
850 1865 892 1923 de
914 1883 989 1941 rupe
1012 1865 1256 1923 descendentem
1278 1865 1333 1922 ad·

191 1968 283 2026 iuvat.
328 1966 421 2025 Cuius
448 1968 679 2043 compositionis
703 1976 859 2025 auctorem
889 1966 983 2024 luisse
1004 1965 1123 2024 Niciam
1153 1974 1224 2042 post
1246 1966 1330 2043 'Hey-

192 2063 303 2125 nium1
324 2067 533 2126 Hermannum
557 2063 798 2126 Benndorfrum²
819 2067 913 2126 fusius
940 2066 1079 2143 probavit
1100 2065 1214 2142 Helbig
1226 2062 1248 2142 ³,
1283 2067 1333 2142 qui

194 2169 301 2227 Ionem
323 2187 446 2247 quoque
468 2187 486 2226 a
508 2169 660 2228 Mercurio
682 2170 841 2228 liberatam
862 2165 1124 2247 (Wandpemaetde
1145 2187 1175 2226 n.
1200 2171 1258 2229 131
1281 2163 1333 2246 ss.)

191 2271 302 2328 Niciae
325 2271 486 2330 vindicavit
510 2270 627 2328 collatis
650 2269 738 2329 Plinii
759 2272 858 2328 verbis
877 2268 941 2348 (35,
963 2270 1035 2349 132)
1057 2267 1175 2332 ‘Nicias
1199 2317 1331 2334 .....

194 2373 265 2431 iecit
287 2383 318 2431 et
342 2375 473 2450 grandes
498 2373 640 2449 picturas,
672 2372 834 2448 inquibus
865 2381 936 2430 sunt
958 2372 1089 2450 Calypso
1111 2383 1142 2431 et
1159 2375 1194 2432 Io
1216 2385 1247 2432 et
1269 2374 1332 2432 An·

193 2460 366 2534 dromeda'.
411 2473 534 2550 Optime
555 2475 597 2532 ad
619 2472 860 2532 confirmandam
879 2474 934 2531 viri
957 2475 1125 2532 doctissimi
1151 2475 1332 2534 sententiam

191 2576 311 2650 accidit,
346 2584 379 2634 ut
400 2593 497 2650 nuper
518 2576 722 2633 invenirentur
744 2576 826 2632 duae
846 2576 916 2634 illae
937 2575 1084 2650 imagines
1108 2575 1191 2634 lonis
1214 2583 1246 2633 et
1268 2577 1330 2633 An·

193 2677 361 2735 dromedae
384 2677 414 2734 in
438 2695 499 2734 una
520 2676 638 2753 pariete
659 2677 738 2734 inter
759 2693 793 2733 se
815 2677 1040 2752 respondentes
1052 2672 1075 2735 4.

289 2778 395 2837 Altera
417 2796 511 2837 causa
532 2780 670 2837 nondum
692 2787 838 2855 quantum
860 2779 923 2836 scio
945 2778 1065 2853 prolata
1086 2780 1236 2836 accedere
1259 2778 1331 2837 mihi

189 2881 309 2940 videtur
339 2882 380 2937 ad
413 2881 668 2956 compositionem
696 2888 831 2938 nostram
853 2879 957 2938 Niciae
981 2879 1212 2937 vindicandam:
1246 2880 1332 2954 quod

190 2982 429 3060 anaglyphomm
451 2991 544 3058 atque
566 2983 658 3045 etiam
680 2991 850 3041 statuarum
873 2982 1002 3040 artifices
1025 3000 1092 3041 eam
1118 2990 1205 3040 tanto
1229 2982 1331 3040 studio

189 3084 297 3142 imitati
327 3081 435 3152 sunt⁵;
468 3092 711 3143 consentaneum
739 3085 821 3143 enim
847 3093 924 3154 erat,
959 3093 991 3142 ut
1012 3083 1118 3143 Niciae
1140 3085 1191 3159 qui
1210 3073 1331 3143 ‘lumen

190 3194 221 3243 et
243 3185 364 3244 umbras
385 3185 530 3244 custodiit
557 3195 648 3261 atque
676 3197 709 3245 ut
735 3188 904 3245 eminerent
926 3205 944 3245 e
964 3186 1073 3244 tabulis
1101 3186 1238 3262 picturae
1265 3205 1329 3245 ma·

188 3287 269 3345 xime
292 3274 420 3346 curavit'
443 3283 529 3363 (Plin.
553 3289 602 3357 35,
627 3289 697 3364 131)
721 3305 815 3363 opera
836 3289 929 3346 etiam
947 3287 1120 3362 'sculptores
1143 3289 1185 3346 ad
1206 3287 1325 3346 imitan-

190 3390 262 3448 dum
283 3389 452 3450 invitarent.

288 3518 299 3556 ¹
318 3523 419 3573 Comm.
437 3523 551 3587 Gotting.
569 3525 600 3572 X
618 3541 643 3588 p.
663 3524 687 3576 3.

288 3605 359 3660 2De
376 3611 544 3675 anthologiae
563 3628 671 3676 graecae
691 3614 884 3679 epigrammatis
901 3630 945 3680 pp.
965 3611 1007 3668 432.
1028 3611 1070 3663 71.

289 3696 554 3765 ³Untersuchungen
572 3702 637 3752 iiber
656 3702 699 3752 die
717 3701 899 3768 campanische
921 3700 1120 3751 Wandmalerei
1138 3717 1164 3766 p.
1185 3699 1237 3752 140
1256 3717 1276 3752 s.

287 3785 300 3822 4
317 3791 357 3840 Cf.
379 3792 477 3842 Roem.
495 3791 563 3842 Mitt.
583 3791 609 3840 V
627 3807 652 3857 p.
673 3789 733 3844 233.

286 3874 299 3908 ⁵
316 3879 403 3928 Recte
421 3880 491 3928 enim
508 3880 559 3928 iarn
572 3881 705 3930 Hermann
723 3881 810 3930 statuit
822 3882 904 3946 primo
919 3889 999 3932 ortam
1014 3895 1073 3930 esse
1091 3881 1215 3946 picturam
1235 3878 1331 3928 deinde

188 3965 335 4030 anaglypha
357 3973 417 4016 tunc
439 3974 546 4018 statuas
592 3969 757 4034 Excipienda
779 3975 863 4018 autem
887 3976 947 4020 sunt
970 3968 1118 4035 anaglypha
1140 3964 1230 4025 R15,
1250 3965 1283 4018 16
1306 3973 1331 4015 et

189 4069 309 4104 nummus
328 4057 356 4104 R
375 4054 418 4120 26,
439 4053 467 4104 iri
490 4056 586 4121 quibus
604 4057 723 4117 Perseus,
748 4073 903 4122 quamquam
923 4073 938 4107 a
957 4057 1061 4107 sinistra
1079 4057 1159 4118 venit,
1189 4062 1276 4106 tamen
1303 4061 1331 4104 ut

188 4138 215 4192 iu
233 4143 342 4208 reliquis
362 4145 487 4210 exemplis
505 4146 692 4196 Andromedae
709 4145 788 4196 offert
804 4162 908 4197 manum
930 4147 1054 4206 dextram,
1079 4155 1108 4197 ut
1126 4153 1234 4210 cogatur
1256 4161 1330 4212 spec·

188 4233 303 4282 tantibus
323 4233 455 4283 advertere
479 4241 589 4298 tergum.
627 4236 684 4300 Qua
710 4236 841 4301 positione
868 4237 902 4285 ab
931 4236 1086 4302 anaglyphis
1110 4236 1198 4287 aliena
1222 4238 1329 4288 demon·

189 4326 282 4370 stratur
309 4321 422 4372 artifices
449 4323 512 4373 illos¹
536 4323 586 4372 iam
611 4330 670 4372 ante
693 4324 785 4374 oculos
809 4324 935 4374 habuisse
960 4330 1056 4376 statuas
1083 4325 1201 4376 eiusdem
1228 4328 1329 4390 generis

187 4415 264 4474 atque
284 4411 312 4458 R
329 4411 369 4476 18,
389 4429 451 4478 quas
471 4418 600 4478 tamquam
619 4429 634 4462 a
652 4419 726 4476 tergo
745 4413 838 4462 imitati
858 4419 924 4465 sunt.
