3154 5024
806 359 840 414 58

253 531 292 590 ab
322 533 454 608 imagine
488 535 661 595 clarissima.
706 535 805 595 Valde
835 513 1006 595 dolendum
1038 545 1086 595 est
1118 539 1203 612 quod
1230 537 1296 598 C3
1329 556 1392 598 non

251 634 358 692 melius
380 643 427 694 est
449 643 582 710 servata;
615 653 682 694 eam
711 637 792 694 enim
818 638 942 714 propius
965 656 1058 714 quam
1085 638 1216 716 reliquas
1238 641 1348 698 abesse
1371 659 1390 697 a

251 735 370 810 pictura
391 737 528 811 originali
548 745 670 812 praeter
692 737 854 814 figurarum
875 756 1034 797 numerum
1061 757 1099 798 eo
1129 757 1252 816 quoque
1278 741 1391 816 proba·

251 845 306 906 tur,
338 839 424 912 quod
446 838 571 897 Danaes
594 840 691 898 vultus
714 841 853 898 dolorem
876 841 1024 917 exprimit,
1061 849 1092 898 et
1115 842 1200 917 quod
1222 841 1391 916 piscatores

251 937 293 995 ibi
313 953 377 994 non
398 946 469 996 sunt
490 939 616 998 iuvenes
636 941 766 1016 graciles
787 950 821 999 et
850 943 1007 1019 elegantes
1034 951 1067 1001 ut
1090 943 1122 999 in
1144 940 1169 1000 C
1191 944 1221 1021 4,
1257 943 1314 1000 sed
1336 941 1390 1000 ho·

251 1037 349 1098 mines
364 1039 549 1100 robustiores
564 1051 658 1116 atque
677 1043 862 1103 rusticiores.
906 1041 997 1102 Unde
1019 1042 1231 1118 intellegimus,
1255 1043 1307 1120 qui
1328 1041 1391 1100 fieri

251 1140 394 1217 potuerit,
429 1148 463 1198 ut
485 1139 574 1199 Plinii
597 1151 703 1200 auctor
734 1145 902 1220 piscatores
931 1144 1058 1203 haberet
1086 1161 1141 1220 pro
1172 1144 1392 1220 praedonibus;

255 1259 357 1317 neque
379 1258 457 1318 opus
480 1250 527 1300 est
548 1244 634 1302 utin
655 1243 740 1302 Plinii
761 1253 877 1304 textum
898 1246 1080 1321 recipiamus
1098 1244 1288 1320 Dalecampii
1310 1261 1393 1302 com·

252 1351 388 1402 mentum
411 1332 648 1419 ‘piscatoribus'.

351 1444 459 1505 Talem
474 1447 728 1522 compositionem
740 1449 863 1523 qualem
876 1449 1026 1524 praebent
1037 1449 1174 1524 picturae
1185 1447 1392 1523 Pompeianae

253 1541 382 1604 Brunn¹
402 1545 510 1606 maluit
532 1547 707 1605 adscribere
730 1548 893 1606 Niciae
914 1548 1102 1627 Atheniensi,
1131 1567 1223 1625 quem
1244 1549 1394 1606 amavisse

252 1645 409 1705 hominum
438 1648 600 1728 multorum
631 1658 662 1706 et
693 1651 774 1708 varie
803 1659 956 1710 motorum
987 1651 1107 1710 tabulas
1134 1671 1153 1709 e
1175 1650 1322 1709 Demetrii
1342 1651 1394 1726 qui

253 1755 382 1806 vocatur
403 1747 497 1807 loc0⁸
524 1751 655 1825 collegit.
700 1751 814 1810 Verum
844 1761 878 1810 ut
910 1745 1030 1810 taceam
1063 1770 1232 1829 pugnarum
1262 1753 1393 1826 picturas

253 1849 359 1923 quales
386 1852 469 1926 apud
490 1850 680 1910 Demetrium
703 1862 901 1928 personatum
923 1852 1027 1912 Nicias
1055 1854 1157 1929 poscit
1184 1853 1276 1912 etiam
1303 1853 1393 1928 longe

253 1950 363 2009 abesse
385 1968 404 2008 a
424 1952 627 2027 piscatoribus
648 1952 780 2012 Danaen
812 1955 1042 2023 admirantibus,
1075 1955 1244 2013 admodum
1275 1954 1393 2021 dubito,

253 2070 327 2110 num
349 2068 387 2109 ex
408 2052 459 2110 illo
480 2053 508 2110 ll
527 2071 556 2128 p.
574 2053 641 2114 Chr.
660 2073 691 2114 n.
706 2056 818 2113 saeculi
832 2055 954 2113 rhetore
971 2055 1047 2113 certi
1067 2055 1142 2130 quid
1164 2054 1274 2113 hauriri
1296 2056 1394 2130 possit

253 2154 295 2211 ad
316 2154 544 2213 aestimandum
566 2154 609 2211 lV
624 2174 652 2213 a.
667 2153 738 2216 Chr.
761 2175 790 2216 n.
814 2156 926 2214 saeculi
948 2157 1103 2230 pictorem,
1123 2157 1302 2230 praesertim
1325 2174 1393 2214 cum

253 2271 291 2310 ea
324 2253 432 2314 Niciae
467 2273 561 2330 opera
598 2275 725 2332 quorum
761 2258 966 2316 accuratiores
1003 2259 1117 2316 adsunt
1150 2257 1390 2334 descriptiones:

253 2351 397 2415 Nemea8
418 2365 450 2416 et
470 2359 642 2432 sepulcrum
664 2375 761 2434 prope
776 2358 932 2417 Tritaeam
954 2355 1162 2418 aPausania4
1184 2359 1283 2416 visum
1299 2357 1391 2434 plane

254 2467 424 2534 repugnent
445 2459 544 2516 verbis
567 2477 586 2517 a
607 2458 764 2518 Demetrio
787 2459 896 2536 pictori
922 2461 1013 2520 datis.
1057 2455 1146 2531 Quae
1168 2477 1237 2518 cum
1256 2460 1299 2517 ita
1322 2458 1393 2527 sint,

252 2558 354 2616 malim
381 2577 450 2617 cum
472 2558 663 2620 Overbeckio
686 2563 810 2619 credere
832 2559 951 2628 Niciam
976 2561 1110 2637 pinxisse
1132 2560 1263 2620 Danaen
1285 2577 1392 2620 aurum

253 2660 488 2740 concipientem,
510 2680 603 2738 quam
625 2663 749 2739 quidem
770 2663 846 2721 illius
865 2663 974 2721 aetatis
990 2662 1231 2722 Atheniensibus
1247 2661 1391 2718 dilectam

254 2760 347 2820 fuisse
369 2771 401 2820 et
423 2763 558 2836 lecythus
579 2763 749 2822 multicolor
770 2763 828 2822 Aa
850 2772 883 2820 et
903 2763 1067 2822 Menandri
1089 2779 1193 2820 versus
1215 2759 1390 2818 aTerentio

255 2856 351 2937 (Eun.
373 2863 416 2920 ΙΙΙ
438 2867 467 2933 5,
490 2861 543 2939 35)
564 2865 700 2923 translati
720 2873 880 2923 testantur.

260 2977 263 2986 ’
352 2963 473 3023 Scilicet
494 2966 573 3024 inter
592 2966 742 3041 parietum
756 2965 1013 3042 Pompeianarum
1028 2965 1160 3041 picturas
1182 2981 1248 3036 eae,
1271 2963 1302 3020 in
1326 2962 1393 3037 qui·

253 3066 311 3123 bus
325 3064 435 3124 Danae
457 3068 584 3126 imbrem
604 3085 729 3126 aureum
745 3067 867 3145 excipit,
890 3067 988 3124 minus
1004 3067 1084 3125 bene
1099 3065 1294 3140 excogitatae
1309 3073 1391 3132 sunt,

253 3183 345 3241 quam
367 3184 447 3241 quae
469 3168 511 3224 ad
533 3168 614 3224 clara
637 3168 821 3243 exemplaria
839 3168 1014 3225 revocanda
1030 3168 1098 3227 sint.
1131 3165 1226 3238 Quod
1247 3165 1278 3221 in
1291 3165 1319 3220 A
1331 3165 1393 3232 5,6

254 3265 363 3324 Danae
390 3277 475 3328 stans
504 3269 586 3343 picta
616 3276 671 3337 est,
705 3268 786 3326 adeo
808 3269 941 3324 alienum
962 3276 1011 3325 est
1039 3286 1058 3325 a
1081 3265 1191 3338 fabula,
1227 3273 1260 3321 ut
1280 3264 1391 3338 figuras

252 3367 320 3426 illas
342 3387 361 3426 a
383 3368 488 3427 Ledae
512 3369 613 3444 potius
635 3365 842 3442 imaginibus⁵
870 3368 974 3443 inepte
1004 3368 1166 3426 translatas
1189 3385 1258 3426 esse
1279 3366 1393 3440 Helbig

253 3471 450 3545 perspexerit.
493 3469 557 3527 Nec
583 3470 683 3527 minus
706 3469 847 3528 socordis
877 3469 998 3528 artificis
1027 3477 1084 3540 est,
1118 3471 1202 3544 quod
1223 3469 1254 3526 in
1276 3469 1304 3524 A
1325 3469 1352 3536 6,
1377 3471 1394 3526 t

254 3579 377 3645 praeter
399 3589 504 3629 aurum
525 3569 660 3646 luppiter
682 3571 746 3646 ipse
769 3572 866 3628 adest.
909 3569 980 3628 Sine
1010 3569 1104 3627 dubio
1137 3570 1177 3629 ibi
1210 3569 1393 3627 commixtae

255 3679 326 3728 sunt
348 3672 426 3730 duae
450 3671 570 3731 fabulae
591 3671 724 3741 sormae;
746 3681 865 3730 veteres
888 3671 968 3728 enirn
990 3671 1050 3728 iam
1070 3669 1191 3729 fabulae
1212 3672 1393 3746 interpretes

255 3779 288 3828 ut
310 3768 524 3848 Pherecydes⁰
546 3773 649 3830 lovem
671 3791 734 3830 non
758 3772 815 3830 nisi
837 3773 878 3828 ad
893 3773 1119 3847 penetrandum
1134 3780 1248 3830 tectum
1264 3751 1394 3828 aeneum

353 3933 364 3970 ¹
383 3938 484 4015 (iriech.
503 3937 726 4002 Kiiustlergesch.
744 3939 772 3986 Π
790 3954 816 4002 p.
836 3935 896 3989 200.

352 4021 500 4077 2Demetr.
518 4027 552 4076 de
572 4026 635 4079 eloc.
654 4024 697 4078 76.

354 4111 452 4167 *Ptin
472 4113 513 4175 35,
533 4114 576 4167 37.

352 4199 364 4236 ⁴
381 4205 422 4254 111
441 4201 487 4269 22,
504 4203 527 4255 6.

354 4288 426 4343 ⁵Cl
446 4308 489 4343 nn.
510 4289 649 4344 lto-151
670 4291 783 4355 catalogi
801 4289 961 4355 Helbigiani.

355 4377 473 4432 “Senot
493 4381 545 4448 hp.
564 4380 654 4432 Rhod.
674 4377 714 4434 lv
734 4378 810 4434 1091.
