3154 5024
789 368 805 423 6
826 389 829 396 ,

223 547 345 609 dectem
366 549 503 627 punitum
525 551 686 626 anteposui
706 550 924 609 Andromedae
945 550 1103 618 liberatae,
1125 557 1156 607 et
1178 550 1249 625 qnia
1267 550 1287 606 ii
1307 549 1360 626 qui

224 650 399 724 Polydectis
431 650 564 709 fabulam
594 657 760 709 tractarunt
790 650 920 710 artifices
942 651 1176 710 Andromedam
1208 649 1368 725 ignorasse

222 752 372 821 videntur,
394 760 426 811 et
447 759 481 810 ut
501 769 555 828 per
575 769 608 810 se
631 757 748 810 starent
769 751 871 809 omnia
890 769 969 828 quae
984 752 1025 810 ad
1040 733 1271 810 Andromedam
1297 768 1366 827 per·

224 853 323 912 tinent
336 861 543 913 monumenta.
579 853 662 911 Intra
677 852 808 928 singulas
824 869 951 912 scaenas
965 859 1234 912 monumentorum
1249 869 1364 927 genera

225 954 357 1021 distinxi,
379 954 422 1011 ita
443 960 554 1023 autem,
576 961 610 1012 ut
629 953 740 1012 diversi
761 954 883 1030 generis
901 961 1102 1012 monumenta
1116 969 1196 1028 quae
1210 954 1253 1012 ad
1272 970 1364 1011 unum

226 1055 382 1132 exemplar
402 1055 577 1114 revocanda
599 1062 712 1130 essent,
736 1071 961 1130 componerem.

319 1155 413 1214 -Notis
435 1156 478 1216 ad
497 1155 681 1214 indicandos
704 1155 848 1214 librorum
870 1155 974 1214 titulos
996 1173 1070 1214 usus
1093 1166 1160 1214 sum
1182 1153 1245 1214 his:

226 1257 262 1318 A.
285 1259 316 1318 d.
338 1257 359 1316 1.
393 1277 432 1306 =
455 1256 566 1316 Annali
587 1251 657 1314 dell'
677 1256 821 1315 Instituto
844 1256 924 1316 arch.
949 1273 1044 1332 germ.

227 1357 260 1418 B.
283 1359 314 1417 d.
336 1357 359 1420 I.
396 1379 435 1406 =
458 1356 645 1435 Bulletino„
746 1402 763 1436 ‚‚
887 1402 904 1434 ‚,
991 1403 1009 1436 „

226 1459 268 1521 M.
292 1461 322 1522 d.
342 1459 365 1520 1.
393 1481 433 1509 ==
455 1458 645 1518 Monumenti
744 1503 762 1535 ‚‚
885 1503 902 1537 ‚,
987 1503 1006 1536 ,‚

226 1561 263 1621 A.
282 1559 308 1637 J.
393 1582 434 1610 =
454 1559 608 1640 Jahrbuch
629 1560 686 1618 des
701 1560 786 1618 Kais.
810 1559 982 1618 deutschen
1003 1557 1297 1633 archaeologischen
1320 1559 1369 1618 ln-

463 1655 576 1723 sutus.

228 1765 262 1824 A.
285 1764 318 1822 Z.
394 1781 434 1812 =
456 1762 730 1838 Archaeologische
754 1763 893 1838 Zeitung.

228 1866 262 1928 B.
286 1884 313 1924 a.
337 1865 370 1924 B.
393 1887 433 1914 =
458 1863 657 1940 FriederichS,
685 1861 930 1922 Berlinsantike
958 1859 1135 1934 Bildwerke‚
1172 1859 1380 1920 Duesseldorf

456 1967 629 2027 tuoe-tr.
673 1995 675 2002 v

232 2069 263 2129 H
284 2063 421 2147 (vasculo
445 2063 565 2144 addita)
593 2091 633 2118 π
655 2068 871 2144 Heydemann,
900 2067 951 2124 die
977 2065 1295 2138 Vasensammlungen
1319 2064 1375 2120 des

655 2177 766 2236 Museo
788 2176 951 2234 nationale
966 2193 1003 2232 zu
1019 2173 1145 2250 Neapel,
1169 2172 1270 2231 Berlin
1286 2174 1374 2233 1872.

233 2278 264 2336 H
287 2273 434 2354 (picturae
453 2274 573 2354 addita)
597 2297 636 2328 π
660 2275 1052 2353 Helbig,Waudgemaelde
1063 2275 1120 2332 der
1128 2273 1376 2332 verschnetteten

657 2377 786 2438 Staedte
808 2376 1021 2454 Campaniae,
1045 2375 1168 2452 Leipzig
1192 2373 1284 2436 1868.

234 2482 253 2540 S
282 2498 284 2528 ¹
358 2527 375 2560 „
502 2525 518 2552 „
598 2503 636 2530 =
660 2479 814 2556 Sogliano‚
835 2479 863 2536 lc
885 2479 997 2553 pitture
1016 2477 1124 2536 murali
1139 2493 1288 2552 campane
1311 2463 1377 2534 sco-

658 2581 735 2657 perti
758 2579 840 2656 negli
862 2579 933 2638 anui
950 2579 1124 2638 leot-79.
1158 2576 1270 2654 Napoll
1287 2578 1376 2637 1879.

335 2683 469 2742 vascula
485 2682 699 2752 ¹Berolinensia
712 2683 883 2740 secundum
898 2679 1145 2754 Furtwaengleri,
1169 2678 1377 2738 Londineusia

237 2787 407 2845 secundum
435 2783 602 2854 Newtonis,
632 2783 860 2860 Petropolitana
886 2781 1056 2840 secundum
1083 2778 1240 2856 Stephanii
1263 2777 1378 2836 catalo-

232 2905 290 2964 gos
316 2886 414 2947 citavi.

795 3067 818 3126 I.

288 3185 336 3262 A.
377 3187 507 3262 Danae
533 3182 668 3261 Iovem
692 3183 732 3258 in
759 3207 896 3258 aurum
922 3206 1148 3256 conversum
1173 3181 1326 3278 excipit.

475 3337 677 3396 Monumenta
700 3353 779 3412 quae
802 3353 839 3392 ex
862 3335 970 3392 litteris
992 3335 1140 3393 novimus

283 3526 286 3530 .
335 3485 361 3526 a.
385 3464 490 3524 Niciae
512 3463 635 3540 pictoris
659 3462 768 3520 Danae
789 3461 827 3520 cs.
853 3461 928 3520 Plin.
954 3461 1003 3535 35,
1027 3461 1097 3519 131.

335 3567 365 3625 b.
385 3565 510 3624 Danaes
532 3564 634 3623 nudae
662 3564 693 3620 in
724 3564 805 3621 lecto
839 3560 1018 3620 accubantis
1040 3561 1143 3638 imago
1177 3559 1331 3636 descripta
1361 3578 1379 3618 a

124 3711 127 3718 .
234 3668 379 3728 Terentio
402 3667 485 3727 Eun.
508 3667 550 3725 111
571 3669 598 3736 5,
622 3667 672 3726 35.

637 3818 839 3877 Monumenta
860 3824 990 3874 servata.

649 3955 727 4014 Vasa
739 3955 823 4028 picta
842 3954 892 4027 fil·
915 3953 978 4012 rub.

346 4096 373 4152 1.
396 4089 524 4150 Cratera
545 4089 716 4149 Caeretana
738 4104 814 4146 mus.
836 4086 986 4164 Petropol.
1009 4105 1038 4144 n.
1054 4049 1142 4154 ll23,
1164 4083 1215 4143 ed
1234 4083 1384 4158 Gerhard,

246 4193 368 4262 Danae,
390 4191 499 4253 Berlin.
511 4189 858 4265 Winekelmannsprogr.
883 4187 973 4248 1854.
1007 4185 1148 4244 Welclrer
1161 4186 1198 4245 A.
1218 4183 1257 4245 D.
1270 4183 1308 4244 V.
1324 4185 1386 4251 tab,

244 4297 291 4364 16,
320 4297 368 4355 17.
413 4291 583 4363 Overbeck,
605 4289 895 4366 Kunstmythologie
922 4290 951 4350 d.
978 4288 1066 4357 Zeus,
1096 4287 1180 4346 Atlas
1207 4287 1269 4346 tab.
1296 4285 1384 4358 vlu,

244 4397 326 4459 alibi.
