3154 5024
164 531 169 546 ·
264 491 267 507 ’
341 511 470 570 Perseus
484 505 825 587 (utentemconrra
842 519 1010 571 monstrum
1023 506 1197 591 (ΚΒΤΟΜ)
1229 513 1382 592 lapidibus

242 614 389 673 coniectis
419 621 545 690 pugnat,
580 629 657 688 quos
692 612 719 670 ei
751 613 951 672 Andromeda
974 609 1288 694 (mummium)
1310 628 1382 694 post

243 732 312 774 eum
333 723 418 774 stans
440 712 538 773 offert.

648 877 725 938 Voso
742 877 826 952 picto
844 877 895 954 Ap.
915 880 980 938 rub.

340 1014 367 1073 2.
396 1011 514 1087 Hydria
536 1011 637 1070 Vulcis
660 1012 786 1070 inventa
808 1029 883 1073 mus.
906 1013 981 1073 Brit.
1004 1033 1033 1075 n.
1056 1017 1126 1076 801.
1151 1017 1201 1077 ed.
1225 1017 1381 1076 Archaeo·

240 1112 319 1190 logia
342 1114 381 1171 36
413 1113 474 1172 tab.
499 1113 526 1170 6.
581 1112 718 1172 Mediam
747 1112 894 1188 picturam
920 1113 1122 1174 Andromeda
1153 1125 1238 1176 terret
1271 1118 1382 1178 vestita
1438 1113 1440 1116 ’

240 1213 341 1272 tunica
366 1213 450 1270 brevi
472 1214 624 1273 manicata
658 1215 756 1272 bracis
787 1215 867 1289 pileo
889 1216 1011 1291 qualem
1033 1217 1186 1276 interdum
1207 1222 1381 1279 Amazones

240 1316 354 1375 habent
375 1308 428 1393 (cf.
451 1335 479 1373 e.
501 1333 531 1390 g.
547 1315 641 1373 Milliu
661 1315 755 1392 peint.
777 1317 806 1374 d.
830 1334 891 1376 vas,
913 1313 1005 1393 110).
1040 1317 1178 1394 Uterque
1198 1321 1264 1379 eius
1287 1321 1383 1380 lacer-

241 1426 288 1475 tus
310 1415 430 1474 fulcitur
458 1435 477 1474 a
498 1416 620 1490 singulis
642 1417 750 1492 pueris
768 1416 979 1493 Aethiopibus.
1025 1419 1053 1478 A
1077 1421 1106 1478 d.
1129 1429 1189 1479 tres
1211 1421 1381 1498 Aethiopes

239 1525 404 1596 apportant
434 1517 652 1592 supellectilem
680 1517 872 1596 muliebrem,
909 1537 932 1578 s.
962 1521 1047 1577 alteri
1077 1529 1136 1579 tres
1171 1535 1269 1582 terrae
1297 1525 1382 1598 palos

238 1621 375 1695 infigunt.
419 1619 455 1676 In
488 1629 625 1677 extrema
654 1627 741 1696 parte
764 1621 795 1678 d.
819 1619 961 1700 Cepheus
994 1621 1025 1676 in
1055 1637 1129 1679 saxo
1163 1623 1254 1680 sedet
1285 1627 1327 1682 ad
1359 1642 1382 1684 s

239 1739 413 1781 conversus,
456 1720 531 1779 Post
558 1738 627 1778 eum
650 1719 781 1778 Perseus
817 1729 878 1780 stat
906 1720 986 1797 pileo
1015 1721 1097 1779 alato
1130 1723 1255 1798 insignis
1289 1724 1381 1783 hastis

239 1831 381 1882 armatus

339 1927 366 1983 3.
389 1922 543 1999 Amphora
577 1923 740 1999 magnifica
779 1922 902 1983 Canusii
935 1925 1057 1982 inventa
1090 1945 1165 1986 mus,
1195 1926 1323 2004 Neapol.
1351 1947 1381 1989 n.

239 2026 319 2085 3225
342 2023 382 2085 H.
405 2026 454 2085 ed.
476 2022 638 2082 Minervini
659 2043 749 2084 mem.
773 2027 862 2083 acad.
885 2025 899 2082 1
925 2026 987 2084 tab.
1011 2029 1091 2086 2-4
1115 2050 1153 2075 =
1177 2045 1267 2088 mem.
1300 2029 1381 2088 della

242 2127 331 2186 acad.
353 2123 453 2186 Ercol.
474 2125 518 2183 IX
540 2125 602 2186 tab.
624 2127 717 2186 5-7,

337 2227 373 2285 In
394 2244 473 2285 aona
493 2227 648 2302 superiore
670 2229 874 2287 Andromeda
887 2229 1028 2287 manibus
1050 2231 1149 2306 passis
1172 2232 1214 2289 ad
1235 2233 1314 2290 duos
1336 2250 1380 2290 ar·

240 2330 348 2387 borum
371 2337 502 2387 truncos¹
515 2327 606 2386 affixa
627 2337 683 2386 est.
725 2329 775 2387 Ad
796 2345 865 2388 eam
887 2348 906 2387 a
928 2331 958 2389 d.
981 2331 1101 2388 accedit
1116 2330 1258 2406 Cepheus
1284 2350 1379 2396 senex

239 2429 382 2489 imberbis
405 2448 424 2488 a
444 2431 555 2488 iuvene
571 2428 701 2505 Phrygio
725 2428 825 2490 fultus.
862 2429 891 2490 S.
907 2429 1063 2506 Cassiepia
1084 2441 1202 2490 maesta
1222 2434 1254 2490 in
1275 2443 1382 2509 patera

237 2540 341 2591 erecta
372 2531 479 2603 sedet;
509 2548 598 2589 serva
622 2548 692 2590 eam
718 2531 851 2590 umbella
882 2533 966 2606 tegit.
1009 2533 1044 2590 ln
1076 2543 1164 2608 parte
1194 2537 1224 2595 d.
1246 2543 1382 2593 extrema

235 2633 338 2709 puella
359 2634 467 2708 lugens
489 2632 599 2692 faciem
621 2633 742 2692 occulit.

334 2735 372 2795 In
394 2751 472 2793 zona
493 2735 636 2793 inferiore
647 2734 776 2793 Perseus
801 2743 908 2795 contra
930 2737 1096 2795 draconem
1122 2739 1271 2796 marinum
1286 2740 1380 2816 harpe

235 2846 361 2912 pugnat,
385 2838 458 2895 dum
481 2837 616 2913 quinque
631 2835 780 2895 Nereides
800 2837 889 2895 variis
911 2837 1009 2895 beluis
1032 2838 1153 2896 marinis
1176 2848 1283 2898 vectae
1305 2859 1379 2918 pug-

236 2956 308 2996 nam
329 2939 448 2996 intente
470 2937 725 3014 contemplantur.
770 2937 881 2996 Perseo
905 2939 999 2996 Amor
1021 2956 1166 2997 coronam
1188 2941 1285 3000 offert.

334 3042 363 3101 4.
387 3037 543 3115 Amphora
570 3039 601 3095 in
623 3036 779 3096 Lucaniae
801 3039 917 3114 oppido
941 3016 1101 3098 Misenello
1128 3049 1248 3117 reperta
1269 3043 1380 3101 collec-

235 3142 325 3200 tionis
351 3140 605 3216 Santangelianae
638 3159 668 3200 n.
691 3140 750 3199 708
774 3139 825 3208 H„
848 3142 896 3200 ed.
919 3139 961 3199 M.
985 3141 1015 3201 d.
1038 3141 1062 3199 1.
1085 3141 1131 3198 lX
1146 3144 1185 3202 38
1206 3143 1244 3202 cf.
1263 3145 1298 3206 A.
1316 3145 1379 3206 (1.1.

238 3243 315 3302 1872
338 3261 369 3318 p.
392 3243 451 3303 108
467 3260 507 3302 ss,

334 3343 455 3402 Pictura
475 3344 565 3419 priori
588 3343 691 3401 similis
715 3343 771 3401 sed
794 3343 1011 3402 multominus
1046 3345 1207 3420 diligenter
1237 3348 1321 3423 picta
1348 3349 1380 3404 in

236 3456 296 3504 tres
319 3453 422 3523 partes
444 3445 540 3503 divisa
563 3453 618 3505 est.
663 3445 699 3504 In
723 3454 811 3520 parte
842 3463 981 3521 suprema
1003 3445 1108 3504 Venus
1129 3448 1212 3522 picta
1239 3457 1285 3506 est
1311 3466 1379 3507 cum

236 3549 349 3606 Amore
372 3555 403 3604 et
424 3547 527 3605 Suada
550 3555 581 3603 et
603 3555 664 3604 tres
685 3547 809 3606 iuvenes
826 3547 954 3623 Phrygii,
977 3565 1104 3622 quorum
1126 3566 1203 3606 unus
1225 3548 1380 3608 cochleam

234 3651 328 3707 tubae
352 3648 421 3707 loco
446 3649 547 3708 habet.

332 3751 368 3808 In
389 3759 476 3826 parte
497 3751 600 3809 media
622 3752 751 3810 eaedem
766 3769 920 3827 personae
941 3761 1103 3810 occurrunt
1124 3760 1216 3826 atque
1241 3752 1272 3809 in
1294 3759 1379 3828 parte

235 3852 391 3928 superiore
414 3852 494 3910 vasis
518 3851 642 3928 prioris}
665 3853 696 3910 in
718 3861 804 3928 parte
826 3853 927 3911 infima
942 3851 1072 3911 Perseus
1093 3870 1193 3910 rursus
1216 3871 1284 3911 cum
1300 3849 1379 3910 Ceto

233 3963 351 4031 pugnat
366 3972 468 4013 coram
484 3955 605 4013 duabus
616 3953 798 4014 Nereidibus
820 3964 851 4013 et
863 3953 970 4030 Scylla,
993 3956 1078 4014 cuius
1093 3963 1199 4013 venter
1212 3955 1377 4013 duodecim

233 4074 342 4115 canum
362 4055 513 4132 capitibus
537 4055 675 4131 cingitur.

333 4159 362 4219 5.
385 4156 544 4233 Amphora
566 4157 680 4216 ibidem
703 4166 824 4234 reperta
848 4159 917 4218 coll.
942 4158 1117 4235 Santangel.
1141 4177 1170 4218 n.
1195 4160 1234 4218 24
1256 4157 1305 4232 H.‚
1327 4158 1377 4219 ed.

232 4259 500 4318 Raoul·Rochette
524 4276 606 4320 mon.
628 4258 710 4318 ined.
734 4262 796 4320 tab.
820 4263 869 4321 41.

332 4361 366 4418 In
393 4369 480 4435 parte
515 4359 617 4418 infima
639 4361 840 4420 Andromeda
862 4362 985 4437 alligata
1008 4372 1056 4420 est
1079 4357 1192 4441 (utrum
1215 4362 1314 4419 arbori
1337 4379 1377 4419 au
