3154 5024
730 413 767 471 151

269 589 318 650 Ab
342 590 437 648 altera
459 587 612 648 Medusae
633 596 720 664 parte
742 587 910 651 Mercurius
933 587 1072 650 accurrit.

268 693 295 753 8.
317 691 408 750 Vasis
430 691 499 750 colli
521 691 693 768 anaglypho
719 691 818 749 ornati
843 690 1044 765 fragmentum
1068 687 1183 750 Rubeis
1205 691 1312 751 inven-

173 802 238 853 tum
260 809 336 854 mus.
360 792 540 853 Bonnensis.

270 895 395 954 Servata
420 903 469 952 est
490 893 622 952 Medusa
643 894 760 971 magnis
783 895 837 954 alis
867 895 1050 956 umeralibus
1085 895 1225 971 praedita
1259 897 1315 955 sub

174 1015 235 1073 qua
257 1014 382 1073 serpens
405 995 532 1054 volvitur
554 1005 586 1054 et
609 995 737 1055 Perseus
762 996 818 1056 alis
832 996 994 1072 pedalibus
1009 996 1174 1054 instructus
1195 1005 1316 1071 praeter

67 1128 70 1163 =
174 1099 272 1157 femur
293 1107 325 1157 et
347 1116 416 1157 crus
438 1099 586 1158 dextrum.
623 1097 815 1157 Vestimenta
828 1099 911 1174 picta
933 1105 1196 1156 sunt-atramento
1217 1097 1315 1176 lusco,

172 1201 203 1258 in
224 1200 375 1259 Medusae
399 1217 527 1274 corpore
560 1207 699 1274 serpente
723 1198 827 1257 Persei
853 1198 935 1274 pileo
965 1198 1075 1256 coloris
1105 1197 1166 1255 albi
1188 1199 1317 1274 vestigia

173 1310 298 1360 restant.
337 1299 487 1359 Dextrum
509 1300 670 1376 anaglyphi
704 1301 782 1360 latus
813 1300 956 1358 delinitur
983 1297 1118 1376 palmula
1138 1299 1237 1375 picta3
1268 1300 1317 1359 cui

174 1404 199 1461 si
220 1404 251 1462 in
272 1404 366 1462 latere
388 1421 412 1463 s.
435 1404 561 1461 alteram
582 1403 745 1480 palmulam
778 1403 974 1479 respondisse
1003 1401 1155 1460 credimus
1184 1403 1316 1478 spatium

171 1505 483 1580 relinquitur-figurae
508 1504 602 1562 stanti
624 1511 740 1580 aptum.

578 1688 705 1748 littura
724 1688 912 1760 Pmnpeiana.

269 1808 298 1866 9.
320 1805 359 1866 H.
384 1807 474 1883 1182,
496 1804 546 1864 ed.
570 1804 650 1863 Mus.
675 1804 765 1864 Borb.
789 1803 848 1862 XII
869 1806 921 1876 48,
944 1803 1030 1863 Zahn
1052 1804 1165 1868 11123.

270 1907 391 1966 Scaena
411 1907 597 1983 transposita
618 1914 665 1964 est
688 1906 718 1963 in
740 1906 897 1982 regionem
919 1915 1065 1981 apertam.
1109 1905 1232 1966 Praeter
1247 1905 1319 1964 Per·

174 2026 260 2067 seum
281 2008 421 2082 Minerva
441 2008 604 2066 Medusam
626 2007 798 2084 aggreditur
819 2006 908 2066 hasta
929 2008 1055 2068 vibrata.

561 2185 740 2263 Amqtypta
760 2202 934 2247 marmorea.

174 2371 178 2379 Ι
277 2306 325 2364 10.
351 2305 410 2362 An.
443 2306 541 2363 musei
564 2305 766 2380 Aquincensis
801 2306 850 2363 ed.
877 2304 1003 2375 Ziehen,
1026 2305 1217 2382 aren-epigr.
1240 2304 1318 2366 Mitt.

63 2406 66 2421 ¹
177 2422 232 2464 aus
253 2403 388 2465 Oesterr.
413 2408 493 2466 1890
518 2425 548 2481 p.
570 2409 611 2466 49
634 2406 683 2480 lig.
706 2407 734 2465 4.

270 2504 346 2563 Post
368 2505 512 2566 Perseum
530 2506 669 2564 Minerva
691 2515 753 2564 stat
776 2508 906 2583 clipeum
928 2525 1000 2584 prae
1022 2526 1056 2566 se
1077 2516 1195 2570 tenens

276 2609 325 2664 11.
346 2607 439 2683 Lapis
452 2609 589 2683 sculptus
602 2626 638 2665 ex
650 2608 765 2684 oppido
776 2605 914 2665 Waitzen
923 2607 955 2665 in
969 2625 1109 2665 museum
1120 2608 1315 2684 Aquincense

61 2728 65 2743 ¹
182 2714 414 2782 transportatus,
437 2708 475 2767 cf.
498 2708 613 2766 Ziehen
634 2710 652 2768 l.
673 2727 697 2766 c.
720 2726 748 2784 p.
772 2710 822 2769 50.

275 2805 435 2883 Sculptura
462 2808 553 2884 priori
582 2807 701 2879 similis;
735 2809 872 2867 Minerva
894 2808 993 2868 deest.
1038 2810 1075 2867 In
1100 2819 1188 2885 parte
1209 2826 1318 2867 aversa,

175 2906 283 2966 mulier
303 2909 387 2967 nuda
409 2918 525 2968 vestem
546 2910 654 2968 Ledae
676 2911 733 2968 ritu
751 2929 824 2985 prae
846 2927 880 2969 se
903 2918 998 2980 tenet,
1023 2927 1115 2986 supra
1137 2928 1208 2968 eam
1229 2911 1317 2986 clipei

175 3008 275 3066 lineae
296 3009 410 3084 primae
432 3019 648 3086 agnoscuntur.
692 3011 772 3069 Num
795 3011 904 3070 Danae
927 3021 959 3069 et
981 3007 1097 3070 nubes?

275 3111 322 3168 12.
344 3111 402 3171 An.
424 3113 509 3186 apud
530 3111 658 3170 limitem
692 3114 744 3187 qui
770 3120 894 3171 vocatur
913 3095 1189 3187 ‘Oswaldgraben'
1211 3110 1317 3168 inven-

176 3220 249 3280 tum,
271 3210 321 3271 ed.
342 3212 478 3282 Muchar‚
500 3213 683 3272 Steiermarlr
705 3213 720 3271 I
742 3215 803 3273 tab.
824 3213 935 3282 v1116,
958 3213 996 3274 ci.
1015 3214 1131 3271 Ziehen
1149 3214 1166 3271 l.
1181 3229 1208 3271 c.
1222 3228 1251 3286 p.
1267 3213 1318 3270 51.

57 3308 60 3317 “
175 3311 339 3370 Medusam
359 3331 377 3370 a
403 3313 514 3372 Perseo
537 3314 728 3374 interiectam
750 3315 899 3391 sculptam
922 3333 991 3373 esse
1017 3315 1130 3374 conicit
1152 3311 1275 3370 Ziehen.

668 3498 820 3558 Nummus.

275 3616 324 3674 13.
348 3613 386 3674 N.
410 3614 586 3674 Caracallae
602 3613 788 3673 Sebastenus
806 3614 956 3684 Galatiae,
979 3615 1029 3672 ed.
1048 3613 1212 3691 Inghirami
1232 3632 1314 3674 mon.

56 3748 58 3757 =
176 3723 229 3774 etr.
242 3713 295 3771 VI
316 3717 376 3776 tab.
408 3716 525 3786 Lat
557 3715 652 3774 Millin
675 3715 774 3776 Vases
805 3725 866 3778 ant.
902 3718 962 3776 tab.
998 3718 1046 3794 78,
1068 3718 1085 3774 3
1108 3712 1159 3793 (ci.
1181 3715 1320 3772 Reinach

175 3834 206 3892 p.
229 3812 291 3892 87),
315 3815 354 3876 G.
376 3817 418 3877 M.
443 3820 512 3894 105,
537 3812 649 3878 386111.

184 3904 189 3912 ’
276 3917 350 3974 Post
373 3916 518 3976 Perseum
539 3919 676 3977 Minerva
709 3927 770 3976 stat
794 3927 919 3995 propter
940 3918 1030 3993 spatii
1052 3918 1208 3992 angustias
1230 3917 1318 3978 nimis

53 4026 57 4041 '
176 4037 278 4093 parva.

680 4126 823 4187 Gesonae.

279 4250 325 4305 lt.
350 4245 467 4302 Vitrum
487 4242 643 4300 inventum
664 4244 696 4300 in
719 4243 826 4301 Monte
842 4242 980 4320 SeleucO,
1003 4244 1053 4304 ed.
1075 4243 1180 4322 Millin‚
1204 4261 1318 4320 voyage

182 4366 220 4406 au
252 4347 328 4405 midi
362 4347 402 4404 de
434 4346 464 4403 la
489 4345 613 4419 France‚
647 4345 698 4404 atl.
727 4345 788 4405 tab.
812 4347 860 4418 72,
886 4346 913 4404 3.
958 4343 996 4406 G.
1029 4345 1070 4404 M.
1096 4341 1318 4415 10838611*Ι

178 4449 274 4509 Vases
298 4457 358 4507 ant.
380 4447 443 4506 tab.
468 4446 518 4520 78,
544 4449 558 4506 1
584 4440 637 4524 (cl.
661 4445 797 4504 Reinach
819 4463 848 4522 p.
873 4440 935 4528 86).
