3154 5024
739 351 774 412 33

601 581 624 655 ι)
648 583 687 643 Ν.
710 583 914 645 Macedonici.

282 709 331 770 38.
356 708 483 787 Philippi
497 709 525 766 V
547 711 635 786 regis,
657 712 705 770 ed.
727 711 868 770 Gardner
882 720 969 788 types
985 713 1021 770 oi
1032 731 1074 788 gr.
1099 714 1184 773 coins
1200 714 1261 774 XII
1276 719 1325 790 45,
1428 696 1430 702 ¹

184 807 277 868 Head
297 810 366 870 hist.
389 827 471 873 num.
494 811 543 886 fig.
567 813 636 871 148.
1431 813 1433 818 ’

282 911 410 989 Philippi
433 923 526 990 caput
546 914 577 972 in
600 915 699 990 clipeo
720 914 922 974 macedonico
946 917 987 974 ad
1009 936 1031 976 a.
1056 934 1235 977 conversum
1259 937 1328 977 curn

183 1021 273 1096 galea
294 1016 519 1076 alatavulturis
542 1016 642 1091 capite
665 1023 788 1088 ornata;
812 1017 916 1093 harpe.

285 1121 332 1178 39.
355 1118 458 1176 Persei
480 1120 567 1195 regis,
590 1117 628 1177 cf.
651 1117 742 1176 Head
764 1120 781 1176 l.
803 1137 829 1178 c.
853 1138 882 1194 p.
902 1123 972 1180 206.

253 1268 257 1276 .
283 1219 387 1278 Persei
409 1219 509 1276 herois
533 1209 657 1294 caput¹.

211 1423 256 1514 Q.
302 1419 554 1494 Andromeda
581 1422 675 1497 Ceto
705 1421 889 1517 exposita.
942 1420 1073 1496 Persei
1100 1447 1187 1496 oum
1213 1419 1307 1498 Ceto

690 1562 831 1636 pugna.

426 1691 629 1750 Monumenta
651 1709 730 1766 quae
753 1710 791 1748 ex
813 1692 919 1750 litteris
942 1691 1090 1750 novimus

288 1843 316 1886 a.
336 1824 456 1884 Pictura
484 1826 522 1883 ab
546 1824 702 1901 Antiphilo
726 1825 851 1882 laudata
874 1824 966 1884 Anth.
990 1824 1041 1887 Gr.
1069 1827 1136 1895 157,
1171 1827 1210 1886 13
1233 1821 1330 1903 (Plan.

188 1927 232 1986 IV
255 1920 336 2004 147).
380 1928 519 1985 Aderant
541 1926 672 1986 Perseus
694 1927 747 1984 alis
770 1926 930 2002 pedalibus
953 1936 984 1984 et
1008 1927 1176 2002 Gorgoneo
1199 1928 1331 2004 insignis,

188 2028 391 2094 Andromeda
413 2047 487 2086 saxo
510 2028 620 2102 adfixa,
644 2027 747 2098 Cetus,
771 2026 952 2103 Cassiepia.

288 2132 318 2191 b.
341 2131 416 2189 Luc.
438 2132 479 2187 de
494 2131 588 2188 domo
601 2131 640 2188 22
665 2130 812 2187 describit
832 2131 990 2206 picturam,
1013 2131 1044 2186 in
1056 2147 1118 2206 qua
1134 2131 1332 2200 Andromeda

189 2250 227 2289 ex
249 2249 323 2307 rupe
347 2233 569 2306 contemplatur
584 2230 728 2289 Perseum
747 2240 855 2290 contra
870 2229 981 2288 Cetum
1002 2229 1095 2307 harpe
1117 2239 1149 2288 et
1164 2231 1332 2308 Gorgoneo

189 2332 274 2390 simul
295 2341 492 2408 pugnantem.

289 2451 313 2493 c.
336 2433 468 2492 Achilles
491 2433 561 2494 Tat.
584 2435 668 2496 Erot.
692 2434 734 2492 ΙΙΙ
757 2437 831 2502 6,,7
855 2434 1015 2492 contendit
1038 2451 1072 2492 se
1094 2434 1125 2492 in
1146 2434 1225 2491 Iovis
1248 2431 1330 2492 Casii

189 2536 304 2611 templo
315 2535 458 2593 Pelusino
475 2536 587 2593 vidisse
603 2536 681 2594 duas
696 2536 839 2610 picturas,
864 2551 993 2610 quarum
1010 2533 1106 2594 altera
1117 2533 1332 2592 Prometheum

189 2638 228 2696 ab
251 2637 382 2696 Hercule
405 2645 559 2695 servatum
567 2634 590 2704 ²,
614 2638 709 2696 altera
731 2638 965 2697 Andromedam
989 2644 1022 2692 et
1044 2635 1189 2694 Perseum
1209 2652 1246 2692 err
1262 2650 1332 2692 aere

189 2757 257 2796 curn
280 2737 358 2799 Ceto
379 2747 569 2814 pugnantem
590 2739 772 2800 contineret.

289 2842 319 2899 d.
340 2839 527 2898 Heliodorus
547 2841 694 2917 Aethiop.
716 2841 747 2899 X
762 2843 780 2900 6
796 2842 828 2898 in
850 2842 946 2902 insula
970 2840 1077 2898 Meroe
1098 2840 1215 2916 positas
1239 2837 1332 2896 fuisse

189 2940 291 3000 Persei
313 2951 345 2999 et
369 2943 587 3001 Andromedae
611 2951 728 3001 statuas
751 2943 833 3002 dicit.

580 3102 782 3162 Monumenta
803 3111 931 3163 servata.

590 3239 650 3299 Vae
665 3241 780 3312 pictum
799 3239 849 3314 (ip.
870 3241 932 3312 niu.

291 3377 318 3434 1.
342 3374 500 3449 Amphora
515 3373 711 3432 Corinthiaca
726 3372 824 3431 Caere
840 3380 961 3448 reperta
983 3389 1058 3432 mus.
1083 3371 1180 3431 Berol.
1197 3390 1227 3431 n.
1245 3371 1334 3446 1652,

191 3475 240 3533 ed.
262 3474 303 3534 M.
327 3476 355 3533 d.
377 3475 399 3532 1.
424 3475 455 3532 X
478 3478 527 3535 52.
614 3509 616 3515 ·

291 3680 352 3734 1Ιιι
372 3684 430 3736 aliis
450 3685 562 3736 nummis
581 3683 760 3736 Macedonicis
780 3683 852 3734 velut
871 3683 899 3735 C.
920 3697 945 3746 g.
964 3699 986 3734 c.
1007 3680 1122 3748 72-74‚
1141 3680 1184 3747 79,
1204 3679 1246 3740 80,
1271 3681 1335 3730 Am·

190 3773 309 3839 phipolis
327 3771 371 3838 23,
396 3771 487 3823 Pellae
506 3773 531 3837 3,
550 3772 574 3833 4,
599 3772 799 3833 Thessalonices
821 3770 838 3824 2
857 3771 901 3838 (cf.
920 3773 990 3824 Mus.
1009 3770 1098 3822 Berol.
1116 3768 1201 3835 Pella,
1223 3761 1335 3832 Amphi-

192 3861 269 3926 polis)
289 3861 377 3910 malim
397 3877 455 3912 cum
474 3861 570 3911 Poolio
590 3870 617 3911 et
634 3861 741 3912 Salletio
760 3875 901 3924 agnoscere
922 3862 1036 3909 Romam
1055 3875 1131 3924 quarn
1149 3860 1283 3908 Perseum.

289 3945 432 4000 ²Garucci
456 3953 490 4000 A.
512 3949 537 4002 d.
557 3951 578 4000 1.
599 3948 669 4002 1860
696 3966 721 4015 p.
743 3947 794 4000 110
816 3949 912 4014 premit
927 3948 1022 4012 cistam
1041 3946 1239 3996 Praenestinam
1258 3946 1281 4010 Q
1301 3945 1335 3998 10

193 4044 219 4086 et
239 4039 328 4088 cistam
348 4054 416 4104 qnae
434 4038 587 4088 Promethei
605 4038 720 4088 fabulam
739 4036 847 4086 exhibet
866 4036 915 4102 (M.
936 4036 961 4089 d.
980 4037 1053 4089 LVI
1071 4033 1189 4102 39)1una
1207 4035 1336 4085 inventas.

192 4125 285 4190 Neque
314 4141 376 4176 vero
398 4127 484 4176 solum
501 4127 548 4176 ubi
565 4128 673 4177 inventa
703 4128 737 4176 sit
755 4134 865 4191 utraque
896 4125 961 4176 cista
979 4126 1132 4188 ignoramus
1152 4122 1197 4191 (cs.
1217 4123 1338 4174 Schoene

192 4218 226 4264 A.
246 4215 272 4267 d.
291 4216 313 4267 I.
334 4213 404 4267 1866·
422 4231 447 4280 p.
469 4213 530 4279 166)
549 4216 597 4265 sed
623 4216 700 4264 etiam
718 4213 869 4264 Promethei
889 4213 953 4263 cista
971 4213 1049 4262 valde
1073 4220 1197 4279 suspecta
1214 4221 1254 4264 est
1276 4214 1338 4262 viris

193 4301 284 4363 doctis,
303 4303 335 4355 cs.
356 4302 540 4371 Schumacher‚
560 4304 616 4354 eine
634 4311 765 4369 praenest.
779 4303 851 4353 Ciste
871 4303 906 4352 im
926 4303 1048 4352 Museum
1061 4318 1093 4352 zu
1106 4301 1256 4354 Karlsruhe
1267 4319 1292 4367 p.
1303 4299 1336 4354 51

195 4391 254 4443 adn.
274 4390 298 4443 3.
758 4397 760 4400 ’

1138 4482 1154 4535 3
