3154 5024
767 423 801 477 61

221 597 441 658 demonstravit
463 593 616 660 Kekule1.
659 599 789 661 Accedit
814 600 899 676 quod
923 599 983 658 iam
1004 595 1140 658 ΡιέεΙΙετ2
1165 617 1226 657 una
1252 609 1287 660 ut
1311 601 1354 660 ita

217 699 319 759 dicam
346 717 406 775 qua
434 709 500 760 tota
527 701 629 758 nititur
651 700 876 760 Gaedechensii
898 700 1065 774 disputatio
1088 719 1164 760 voce
1185 701 1355 777 Aeschylea

215 795 434 876 κυκνόμορφοι
456 802 528 859 nihil
549 802 708 878 significari
730 803 869 878 probavit
895 801 952 858 nisi
974 801 1007 858 id
1028 803 1114 876 quod
1135 801 1264 860 Hesiodi
1289 819 1354 858 ver-

214 901 260 958 bis
280 900 388 976 γραῖαι
409 897 445 962 ἐκ
465 899 597 978 γενέτης
620 904 802 979 exprimitur.

315 1001 378 1059 Vas
401 1003 475 1060 illud
496 1003 525 1061 D
552 1007 565 1062 l
591 1013 621 1062 et
643 1005 800 1080 speculum
823 1021 862 1062 eo
883 1003 1035 1078 differunt,
1058 1005 1144 1080 quod
1165 1005 1195 1061 in
1219 1004 1269 1061 illo
1291 1012 1353 1061 tres

216 1103 328 1160 adsunt
351 1102 472 1162 Graeae
496 1115 530 1162 ut
552 1107 635 1181 apud
658 1106 838 1182 Aeschylum
871 1102 983 1181 (Prom.
1007 1101 1089 1180 821),
1122 1105 1153 1161 in
1183 1103 1243 1163 hoc
1272 1107 1353 1162 duae

216 1212 250 1260 ut
271 1205 355 1279 apud
378 1203 549 1264 Hesiodum
571 1204 643 1282 (Th.
668 1204 741 1280 273)
764 1223 895 1281 quocum
920 1206 1043 1264 nomina
1065 1195 1188 1281 quoque
1210 1199 1298 1281 (Enie
1317 1237 1350 1248 -

216 1289 328 1374 Ἐνυώ,
363 1305 546 1382 Pemphetru
567 1337 610 1348 -
630 1303 804 1384 Πεφριδώ)-
832 1316 1011 1381 congruunt.
1056 1305 1217 1364 Praeterea
1247 1307 1354 1364 artifex

214 1413 318 1463 tuscus
342 1407 460 1464 Graeas
482 1426 558 1466 anus
583 1409 664 1475 fecit,
698 1409 846 1483 aquibus
869 1409 1031 1484 pingendis
1054 1426 1102 1465 ars
1126 1426 1237 1484 graeca
1258 1409 1356 1484 quinti

215 1507 340 1580 quidem
363 1509 475 1566 saeculi
498 1518 530 1566 et
551 1511 694 1584 temporis
717 1509 872 1566 subsecuti
894 1509 1086 1568 abhorrebat.
1129 1509 1228 1586 Deest
1250 1518 1353 1568 autem

218 1607 248 1664 in
271 1609 395 1684 speculo
419 1627 510 1684 quam
532 1609 564 1680 in
585 1611 696 1685 pyxide
718 1611 855 1668 videmus
880 1611 1035 1668 caecitatis
1058 1611 1249 1685 significatio,

316 1710 451 1768 Alterum
468 1711 628 1785 speculum
651 1712 916 1768 animadversione
938 1711 1064 1786 dignum
1079 1711 1108 1768 K
1123 1713 1161 1770 27
1179 1720 1226 1768 est
1246 1712 1278 1770 in
1293 1730 1353 1786 quo

218 1808 352 1884 Phorcys
378 1812 569 1885 persequitur
591 1811 669 1869 filiae
699 1812 934 1879 interfectorem,
970 1829 1061 1887 quam
1089 1811 1222 1870 fabulam
1250 1814 1355 1871 litteris

218 1927 281 1967 non
303 1912 447 1970 traditam
467 1912 526 1969 hoc
549 1930 609 1969 uno
632 1920 831 1970 monumento
854 1913 1007 1972 discimus,
1045 1911 1178 1971 Omnino
1201 1931 1264 1972 non
1285 1917 1356 1972 novi

219 2013 301 2069 aliud
317 2012 459 2086 Phorcyis
475 2014 666 2072 simulacrum
682 2022 802 2090 praeter
818 2013 985 2072 Graearum
999 2015 1140 2090 pyxidem
1163 2017 1257 2074 modo
1273 2033 1354 2074 com·

116 2181 119 2189 Ι
218 2122 425 2173 memoratam.
460 2113 559 2172 Etiam
582 2116 666 2191 quod
689 2116 772 2190 pisce
785 2116 863 2186 inter
875 2115 1023 2190 Meanpes
1039 2117 1136 2190 pedes
1151 2125 1278 2175 natante
1299 2119 1354 2175 sub

217 2215 292 2272 mari
324 2233 386 2272 rem
412 2217 476 2290 geri
503 2217 651 2274 indicatur
677 2217 828 2274 diversum
855 2225 903 2274 est
929 2235 947 2273 a
976 2218 1085 2274 ceteris
1108 2215 1354 2278 monumentisss:

218 2313 346 2372 Perseus
369 2333 459 2392 super
480 2335 563 2375 mare
586 2318 691 2375 volans
714 2319 847 2376 caelatus
870 2317 926 2374 luit
948 2319 980 2375 in
1001 2317 1093 2376 Scuto
1116 2317 1300 2379 Hesiodeo4
1324 2331 1356 2378 et
1442 2343 1443 2346 ¹

218 2415 249 2472 in
271 2416 392 2474 Achillis
415 2417 511 2493 clipeo
535 2419 699 2493 Euripideo
723 2417 766 2491 (K
777 2421 820 2492 bl.

317 2515 447 2574 Perseus
477 2519 574 2576 alatus
603 2528 649 2576 est
675 2519 705 2577 in
734 2521 857 2594 speculo
887 2520 1056 2596 antiquiore
1078 2521 1108 2578 K
1129 2523 1177 2583 26,
1222 2523 1257 2580 In
1278 2524 1293 2580 1
1315 2526 1353 2583 20

218 2617 368 2676 Medusae
401 2601 580 2677 dormientis
615 2638 705 2694 quam
733 2620 858 2678 Perseus
890 2623 1064 2696 aggreditur
1095 2639 1204 2698 corpus
1237 2624 1355 2682 videtur

217 2718 298 2775 virile
326 2736 409 2793 esse3
445 2719 538 2777 facies
568 2721 672 2778 deleta
702 2729 757 2783 est.
800 2721 920 2778 Nomen
952 2721 1064 2797 figurae
1098 2723 1138 2779 illl
1171 2725 1355 2800 adscriptum

213 2806 346 2876 ‘Tarsu’
368 2821 408 2876 ad
432 2818 555 2880 Ciliciae
577 2822 724 2896 oppidum
747 2824 927 2879 rettulerunt
950 2820 1089 2880 Koerte5
1111 2833 1141 2882 et
1162 2825 1204 2885 M.
1220 2823 1353 2902 Mayer⁶,

178 2936 181 2941 ·
220 2918 348 2977 sortasse
372 2928 462 2993 recte,
495 2939 679 2998 quamquam
707 2941 784 2997 quae
814 2923 916 2980 sabula
938 2924 1035 2982 subsit
1056 2924 1238 2999 ignoramus.
1284 2927 1355 2986 Per·

217 3037 288 3078 seus
305 3020 394 3078 Tarsi
417 3023 558 3079 conditor
578 3023 608 3079 in
630 3041 753 3080 nummo
773 3041 896 3098 quoque
911 3019 1081 3082 Tarsensi⁷
1103 3043 1263 3101 expressus
1286 3047 1355 3086 esse

219 3123 346 3198 videtur,
370 3123 409 3180 ibi
432 3141 499 3180 cum
521 3123 662 3199 Apolline
686 3125 872 3184 coniunctus,

317 3225 352 3281 In
374 3225 500 3284 vasculis
518 3228 644 3283 etruscis
661 3227 734 3284 satis
750 3227 943 3301 indiligenter
958 3236 1105 3286 tractatur
1120 3230 1220 3288 fabula
1234 3241 1353 3291 nostra:

218 3325 249 3382 in
270 3326 299 3382 K
321 3328 360 3385 24
388 3326 517 3384 Perseus
550 3328 720 3384 caduceum
753 3328 845 3402 gerit;
878 3337 971 3402 atque
1000 3329 1030 3384 in
1054 3329 1083 3386 K
1103 3329 1140 3388 25
1165 3348 1182 3386 e
1204 3331 1356 3392 Medusae

219 3427 298 3484 collo
320 3444 375 3502 pro
397 3427 495 3504 capite
520 3429 633 3503 equino
656 3429 807 3503 prominet
823 3430 902 3486 cervi
918 3438 1017 3504 caput,
1041 3431 1125 3503 quod
1140 3449 1203 3488 non
1219 3434 1355 3493 diversae

218 3527 339 3584 fabulae
356 3527 482 3596 formae,
506 3531 564 3586 sed
578 3530 701 3604 pictoris
716 3529 876 3587 socordiae
892 3529 1085 3588 tribuendum
1099 3532 1165 3592 erit.
1200 3533 1234 3590 ln
1249 3544 1357 3611 patera

219 3627 301 3700 Qro
323 3647 414 3704 quam
435 3647 525 3705 supra
547 3631 709 3688 memoravi
732 3625 775 3708 (p.
789 3628 842 3704 46)
865 3630 994 3689 Perseus
1015 3649 1134 3690 currens
1151 3644 1243 3710 caput
1260 3637 1357 3714 Satyri

316 3852 380 3908 1A.
400 3856 425 3908 d.
444 3857 466 3908 Ι.
487 3855 556 3909 1873
577 3863 603 3922 ρ’.
623 3855 682 3910 127.

316 3939 328 3978 ⁸
346 3943 450 3997 Griech.
471 3941 578 4010 Myth.²
596 3947 624 3995 H
642 3963 667 4012 p.
687 3945 730 3999 63.

317 4030 442 4084 ³Tribus
470 4035 548 4098 igitur
575 4035 643 4085 locis
672 4036 773 4086 facinus
800 4035 967 4086 committitur
992 4037 1019 4086 in
1045 4037 1222 4088 monumentis
1246 4038 1357 4092 nostris:

220 4125 270 4174 sub
290 4124 383 4174 arbore
402 4124 588 4191 Hesperidum,
608 4125 635 4172 in
654 4125 752 4190 inferis,
772 4126 822 4174 sub
839 4126 911 4176 mari.

318 4209 387 4264 tcf.
407 4213 506 4279 Brunn,
525 4213 597 4264 Abh.
619 4213 643 4264 d.
665 4213 774 4266 Miinch.
794 4215 847 4263 Ak.
867 4216 911 4263 XI
928 4229 953 4279 p.
974 4213 1016 4266 20.

317 4298 401 4352 5Etr.
420 4301 464 4366 Sp.
483 4302 510 4351 V
528 4301 570 4354 67.

292 4373 330 4474 ‘⁰
350 4389 432 4441 Verh.
452 4391 477 4442 d.
497 4390 684 4442 Philon—vers.
707 4407 739 4440 zu
758 4390 858 4441 Gdrlitz
879 4390 956 4456 1889,
975 4407 1001 4456 p.
1019 4389 1079 4444 338.

318 4471 329 4511 ⁷
347 4479 386 4533 Cf.
405 4480 472 4530 infra
489 4495 515 4546 p.
535 4478 577 4531 63.
