3154 5024
756 403 790 458 25

302 584 339 644 D.
363 585 500 644 Minerva
530 585 614 644 iuxta
639 591 767 662 puteum
788 586 973 660 quadratum
1005 591 1089 642 stans
1121 589 1213 658 caput
1251 580 1346 640 senile

202 688 286 748 tollit'.
330 687 357 748 S.
381 685 508 745 Perseus
526 687 608 762 pede
631 704 654 744 s.
676 687 762 761 putei
782 686 910 761 margini
931 685 1049 744 insistit.
1086 684 1161 743 Post
1173 701 1245 741 eum
1261 681 1345 740 Mer·

203 787 302 846 curius
324 796 395 856 stat,
418 787 449 846 d.
472 787 594 862 Satyrus
616 794 709 862 caput
731 788 848 847 avertit.

301 887 403 946 Persei
425 887 553 964 figuram
573 889 676 947 fictam
703 907 769 947 esse
790 890 832 948 ad
854 889 1008 965 exemplar
1033 888 1150 946 iuvenis
1179 886 1297 944 situlam
1329 901 1346 940 e

203 995 298 1063 puteo
329 987 484 1060 trahentis,
517 990 569 1065 qui
593 990 724 1048 occurrit
745 990 776 1048 in
802 998 909 1066 patera
941 990 1035 1046 attica
1056 990 1128 1047 artis
1150 1004 1275 1046 severae
1297 986 1346 1043 ed.

201 1087 322 1149 Saechs.
337 1089 406 1151 Ber.
423 1091 503 1150 1878
525 1091 587 1150 tab.
612 1092 641 1160 5,
658 1090 821 1151 Benndorf
839 1091 955 1160 docuit,
977 1092 1033 1148 das
1048 1089 1175 1149 Heroon
1197 1108 1223 1149 v.
1241 1087 1346 1164 Gjoel-

200 1191 313 1260 baschi,
335 1210 365 1268 p.
390 1195 460 1262 114,
484 1191 522 1252 cf.
547 1211 577 1268 p.
603 1196 662 1252 112
684 1193 755 1269 figg.
780 1193 850 1267 115,
875 1190 945 1252 116.

300 1293 328 1355 3.
352 1293 476 1353 Cratera
497 1295 611 1352 Rubeis
632 1295 765 1360 inventa,
788 1293 837 1351 ed.
858 1295 895 1354 A.
919 1295 950 1354 d.
971 1294 993 1352 Ι.
1019 1294 1101 1354 1850
1122 1293 1184 1351 tab.
1207 1290 1245 1350 A.

299 1394 337 1454 D.
359 1394 496 1453 Minerva
517 1396 628 1453 sedens
660 1395 737 1454 tollit
758 1395 909 1453 Medusae
943 1401 1035 1470 caput
1055 1392 1224 1469 pulchrum,
1257 1394 1342 1470 quod

201 1495 286 1554 sonte
309 1496 448 1573 lapidum
464 1497 575 1554 circulo
598 1498 779 1556 adumbrato
802 1474 977 1556 reflectitur.
1020 1495 1049 1555 S.
1075 1495 1202 1553 Perseus
1229 1495 1342 1569 pedem

199 1616 222 1656 s.
245 1597 276 1654 in
297 1615 372 1656 saxo
395 1597 601 1656 collocans'in
623 1597 742 1656 fontem
764 1598 901 1674 despicit.

298 1701 327 1758 4.
348 1697 476 1758 Cratera
497 1700 528 1757 in
550 1698 714 1758 Basilicata
735 1699 869 1767 iuventa,
894 1699 944 1760 ed.
967 1696 1004 1758 A.
1028 1699 1059 1759 d.
1081 1697 1105 1759 I.
1129 1698 1206 1758 1851
1231 1698 1293 1757 tab.
1306 1696 1343 1756 N.

299 1798 337 1856 D.
361 1799 498 1858 Minerva
520 1808 603 1858 stans
625 1800 776 1859 Medusae
798 1807 894 1876 caput
916 1799 1032 1858 formae
1055 1797 1232 1876 antiquioris
1253 1797 1340 1857 tollit.

205 1901 234 1958 S.
252 1900 380 1959 Perseus
401 1901 513 1959 sedens
534 1902 632 1977 pedes
647 1902 678 1960 in
694 1902 830 1978 lapidum
846 1901 957 1959 circulo
980 1898 1079 1976 (fonte
1093 1899 1173 1958 male
1188 1898 1344 1959 intellecto

202 2021 221 2060 a
242 1997 370 2078 pictore)
402 2002 543 2063 collocat.
586 2001 660 2062 Post
693 2021 763 2061 eum
785 2003 870 2080 virgo
892 2003 1050 2078 speculum
1075 2010 1184 2060 tenens
1215 2000 1342 2076 pedes.

184 2096 247 2180 '(ut
269 2104 301 2162 in
323 2104 424 2179 priore
445 2105 564 2180 pictura
586 2100 730 2180 Perseus)
753 2122 828 2164 saxo
851 2105 968 2163 insistit.

637 2288 763 2362 Speculo
783 2292 907 2349 etrusca.

303 2379 330 2482 ο.
355 2421 434 2482 uus.
448 2422 660 2494 Berolinensis,
678 2421 1344 2498 B.a.B.11140,ed.GerhardE.sp.122.

300 2523 437 2582 Minerva
459 2519 606 2600 (Menrsa)
628 2532 660 2582 et
674 2523 800 2584 Perseus
816 2519 956 2602 (Pherse)
970 2524 1120 2582 Medusae
1144 2531 1237 2600 caput
1258 2523 1343 2580 sonte

200 2626 352 2702 quadrato
384 2625 529 2684 reflexum
561 2628 812 2703 contemplantur.
856 2624 929 2684 Post
953 2623 1096 2684 Perseum
1125 2623 1241 2697 mulier,
1271 2630 1341 2700 post

198 2725 366 2785 Minervam
390 2727 501 2802 Apollo
523 2725 631 2805 (Aplu)
653 2735 743 2786 stant.

297 2831 324 2890 6.
346 2828 499 2888 Galleriae
521 2829 726 2899 Florentinae.
749 2832 798 2888 ed.
824 2829 966 2889 Gerhard
987 2830 1023 2890 E.
1047 2830 1097 2904 Sp.
1123 2830 1182 2888 123
1206 2829 1285 2886 alibi.

296 2928 436 2988 Minerva
467 2925 614 3008 (Menria)
648 2939 677 2989 et
706 2930 836 2989 Perseus
870 2925 1021 3010 (Pherse).
1065 2929 1214 2988 Medusae
1248 2939 1342 3005 caput

199 3047 385 3106 quamquam
405 3029 563 3089 Minervae
584 3033 688 3095 manui
710 3033 808 3101 deest,
832 3050 913 3109 aqua
935 3033 1108 3092 reflectitur.

298 3133 325 3189 7.
351 3131 409 3189 Ed.
438 3131 580 3192 Gerhard
610 3133 644 3193 E.
667 3133 718 3209 Sp.
743 3137 804 3194 124
826 3134 964 3193 Minerva
987 3128 1135 3211 (Menrsa)
1158 3142 1189 3191 et
1213 3131 1339 3192 Perseus

197 3226 379 3308 (Charmmi)
393 3232 660 3310 neglegentissime
683 3235 773 3312 picti;
795 3235 945 3293 Medusae
968 3243 1061 3310 caput
1084 3235 1132 3291 vix
1155 3233 1337 3308 agnoscitur.

294 3333 321 3391 8.
344 3331 532 3410 Castellanii,
556 3335 605 3394 ed.
630 3333 899 3394 Gerhard·Koerte
921 3336 957 3396 E.
978 3335 1028 3411 Sp.
1052 3335 1080 3392 V
1103 3337 1152 3396 69.

197 3431 348 3492 Medusae
372 3443 465 3510 caput
486 3435 518 3492 in
540 3453 621 3512 aqua
643 3453 707 3494 non
731 3437 923 3513 conspicitur.
969 3437 1042 3494 Post
1067 3435 1212 3496 Perseum
1234 3438 1340 3496 mulier

196 3534 294 3612 sedet,
316 3543 386 3610 post
407 3533 576 3594 Minervam
600 3537 715 3595 iuvenis
738 3539 818 3612 pileo
840 3537 962 3614 phrygio
984 3547 1092 3598 tectus

241 3820 286 3893 N.
317 3821 477 3897 Perseus
505 3823 555 3897 ad
582 3822 830 3921 Polydectem
860 3825 935 3898 fert
961 3823 1145 3898 Medusae
1173 3837 1297 3918 caput.

436 3972 638 4030 Monumenta
662 3991 741 4049 quae
765 3991 802 4030 ex
825 3975 929 4032 litteris
950 3975 1097 4036 novimus.

223 4199 225 4206 .
296 4143 322 4184 a.
343 4127 380 4184 In
406 4126 612 4202 pinacotheca
634 4128 712 4186 arcis
728 4126 917 4187 Athenarum
939 4125 992 4189 καὶ
1014 4124 1167 4204 Περσεύς
1196 4123 1284 4188 ἐστιν
1307 4124 1343 4202 ἐς

196 4221 334 4302 (ἑριφον
356 4221 565 4302 κομιζόμενος
588 4223 778 4308 Πολυδέκτῃ
807 4225 917 4304 φέρων
939 4226 997 4302 τὴν
1020 4225 1166 4304 κεφαλὴν
1189 4226 1247 4302 τὴν
1276 4224 1340 4289 Με·

195 4321 330 4400 δούσης.
353 4327 542 4396 Paus.122‚
567 4329 595 4388 7.

297 4430 326 4488 b.
349 4428 383 4485 In
407 4429 513 4505 templi
524 4430 717 4505 Apollonidis
728 4431 869 4506 Cyziceni
890 4433 1032 4490 columna
1058 4435 1100 4492 XI
1122 4436 1255 4508 sculptus
1277 4440 1342 4492 erat
